2009 3218
134 181 177 227 V,
202 183 234 223 2,
259 182 393 218 87—45
759 176 1004 212 Trinummus.
1537 170 1611 212 331

745 301 996 344 Callicles

133 379 206 422 lus
236 378 305 420 hic
334 380 442 420 orat.

735 460 1008 514 Lysiteles

402 533 658 589 Impetrabit
687 537 730 575 te
762 531 976 574 aduocato
1008 535 1140 586 atque
1171 530 1350 572 arbitro.
1530 539 1612 573 1161

133 609 245 651 Istae
276 607 370 661 lege
400 606 532 648 filiam
564 611 681 647 tuam
714 603 903 657 sponden
936 602 1040 645 mihi
1074 616 1249 644 uxorem
1282 601 1403 643 dari‘?

711 712 1030 756 Charmides

132 773 343 830 Spondeo.

735 857 1000 900 Callicles

347 931 402 973 Et
433 945 510 984 ego
543 931 735 985 spondeo
766 930 879 972 idem
911 929 1004 971 hoe.

735 1039 1008 1094 Lysiteles

1052 1111 1086 1153 Ο
1119 1110 1286 1152 saluete
1318 1109 1483 1151 adfines
1516 1109 1611 1150 mei.

711 1214 1021 1256 Charmides

131 1288 270 1343 Atque
303 1287 455 1341 edepol
487 1292 586 1329 sunt
617 1301 697 1338 res,
738 1300 845 1340 quas
876 1292 1052 1341 propter
1083 1285 1163 1327 tibi
1194 1289 1339 1326 tamen
1373 1282 1610 1342 suscensui.

131 1460 241 1512 Quid
272 1475 349 1516 ego
380 1460 491 1504 feci?
732 1403 995 1445 cameles

711 1555 1024 1598 Charmides

508 1627 649 1670 Meum
684 1628 900 1682 corrumpi
932 1627 1035 1683 quia
1065 1625 1311 1682 perpessu's
1342 1625 1493 1667 filium.
1527 1637 1614 1670 1165

737 1736 1000 1779 Callicles

131 1806 174 1850 Si
204 1808 246 1849 id
280 1822 372 1850 mea
403 1809 627 1852 uoluntate
658 1809 876 1856 factumst,
910 1812 972 1850 est
1001 1808 1116 1862 quod
1148 1808 1251 1850 mihi
1285 1821 1547 1851 suscenseas.

130 1878 211 1922 Sed
243 1881 333 1922 sine
365 1895 430 1924 me
461 1881 543 1924 hoc
574 1881 652 1924 abs
684 1887 726 1924 te
758 1882 1007 1934 impetrare,
1040 1879 1156 1935 quod
1187 1880 1299 1922 uolo.

710 1990 1026 2032 Cha1mides

1187 2045 1299 2096 Quid
1329 2046 1374 2088 id
1405 2047 1497 2088 est?

738 2133 998 2175 Callicles

1466 2189 1608 2233 Scies:

129 2260 174 2304 Si
202 2261 307 2316 quid
339 2263 473 2305 stulte
504 2263 620 2313 fecit,
653 2267 703 2304 ut
733 2276 785 2303 ea
815 2263 950 2303 missa
980 2262 1115 2304 facias
1148 2262 1302 2304 omnia.

129 2331 239 2382 Quid
269 2347 450 2387 quassas
482 2335 640 2389 caput?

707 2431 1018 2473 Charmides

559 2504 791 2545 Cruciatur
822 2517 895 2544 cor
927 2502 1029 2544 mihi
1062 2509 1104 2545 et
1136 2508 1292 2545 metuo.

241 2640 321 2674 1161
350 2639 424 2675 Lus
450 2638 485 2674 Β
580 2648 607 2674 ω
629 2638 844 2682 impetrabit
868 2637 903 2672 Β
996 2637 1148 2672 arbitrio
1176 2637 1206 2673 Ο
1293 2639 1379 2672 1162
1402 2639 1428 2672 G
1454 2638 1550 2673 Istae
1577 2639 1610 2672 B

131 2695 216 2729 1163
240 2695 388 2731 Adfines
414 2697 483 2730 mei
509 2693 1363 2730 XXXXXXXXXXXXXXXXXXXXXXXXX
1390 2694 1425 2729 B
1524 2697 1608 2728 1155
1684 2696 1693 2705 '

128 2747 154 2783 Θ
177 2749 269 2794 Quid
292 2751 327 2786 B
408 2753 495 2786 1166
521 2758 574 2786 est
600 2763 664 2786 om.
741 2752 824 2784 1167
852 2762 888 2784 es
914 2751 948 2785 B
973 2751 1046 2786 cies
1119 2752 1204 2787 1168
1229 2751 1375 2786 missam
