2009 3218
345 211 426 249 222
1035 208 1153 242 manti
1544 208 1612 252 ΠΙ,
1640 210 1670 252 1,
1694 209 1828 246 zvsssv

985 332 1198 375 Stichus

347 403 471 454 Quid,
504 402 585 444 hoc
618 404 744 445 etiam
778 404 942 446 unum?

923 475 1252 529 Epiynomzts

1002 546 1113 596 Quid
1145 547 1188 588 id
1220 551 1363 588 autem
1396 551 1576 598 unumst,
1610 548 1774 601 expedi.

980 618 1194 661 Stichus

346 673 411 715 Ad
443 687 593 716 cenam
625 675 780 716 ibone?

925 731 1254 785 Epiffgsnomus

835 803 879 845 Si
911 803 1117 852 uocatu's,
1151 817 1313 845 senseo.

988 883 1199 925 Stichus

347 952 415 994 Sic
447 953 530 995 hoc
562 953 725 1007 placet3
757 967 910 1007 rogare
941 967 1083 995 cenam
1115 954 1219 995 nihil
1253 968 1407 996 moror.
1767 966 1835 1000 430

424 1025 427 1028 '
925 1025 1252 1078 Epiynomus

346 1081 430 1123 Ubi
465 1095 593 1124 cenas
627 1081 783 1124 hodie?

981 1149 1196 1192 Stichus

851 1220 920 1263 Sic
953 1222 1063 1263 hanc
1094 1222 1306 1263 rationem
1338 1222 1498 1263 institi:

346 1293 537 1334 Amicam
569 1307 647 1346 ego
679 1292 819 1334 habeo
853 1292 1139 1347 Stephanium
1171 1293 1271 1334 hinc
1303 1307 1354 1334 ex
1386 1307 1608 1347 proxumo,

345 1364 422 1405 Tui
455 1363 602 1406 fratris
635 1363 854 1416 ancillam3
887 1379 936 1407 eo
968 1365 1192 1407 condicam
1224 1364 1462 1419 symbolam

324 1436 410 1477 'Ad
442 1450 591 1477 cenam
623 1436 677 1477 ad
710 1437 801 1478 eius
833 1450 1088 1478 conseruom
1122 1437 1376 1490 Sangarium
1409 1436 1573 1490 Syrum.

346 1507 509 1549 Eadem
543 1513 607 1549 est
638 1509 774 1550 amica
805 1509 1041 1560 ambobus3
1072 1509 1233 1550 riuales
1267 1522 1424 1549 sumus.
1768 1519 1835 1553 435

926 1580 1258 1633 Epiqnomus

346 1652 432 1704 Age
467 1651 634 1693 abduce
665 1651 797 1694 hasce
829 1653 964 1704 intro3
998 1652 1112 1693 hunc
1144 1652 1224 1693 tibi
1257 1651 1368 1693 dedo
1401 1651 1526 1693 diem.

986 1724 1203 1766 Stichus

346 1795 484 1836 Meam
517 1795 688 1849 culpam
722 1795 895 1845 habeto,
927 1796 1009 1837 nisi
1043 1796 1175 1849 probe
1209 1796 1527 1837 excruciauero.

345 1867 435 1908 Iam
468 1867 612 1908 hercle
645 1881 722 1920 ego
754 1881 832 1921 per
863 1867 1038 1909 hortum
1072 1868 1125 1908 ad
1159 1869 1342 1909 amicam
1374 1866 1569 1908 transibo
1602 1879 1741 1908 meam

346 1939 451 1980 Mihi
484 1939 594 1980 hanc
626 1944 883 1992 occupatum
916 1946 1108 1991 noctem3
1143 1940 1293 1980 eadem
1325 1938 1560 1993 symbolam

348 2011 468 2052 Dabo
503 2016 543 2052 et
575 2011 733 2052 iubebo
767 2011 820 2052 ad
856 2010 1112 2063 Sangarium
1149 2025 1298 2053 cenam
1333 2013 1474 2064 coqui,
1770 2021 1836 2054 440

347 2084 432 2124 Aut
464 2088 635 2136 egomet
665 2083 736 2124 ibo
770 2089 901 2137 atque
934 2083 1156 2137 opsonabo
1189 2084 1429 2137 opsonium.

348 2154 581 2207 Sangarius
614 2169 744 2209 quom
774 2155 862 2196 iam
892 2154 962 2196 hic
994 2155 1135 2197 aderit
1167 2169 1262 2196 cum
1297 2154 1471 2195 domino
1504 2167 1595 2200 suo,

348 2226 505 2268 Seruos
536 2227 662 2268 homo
697 2227 853 2280 quibus
871 2260 879 2267 .
900 2260 930 2267 ..
952 2261 957 2266 .
980 2261 987 2267 .
1007 2241 1123 2268 eram
1157 2241 1305 2268 cenam
1340 2241 1378 2267 m
1398 2261 1404 2266 .
1426 2260 1434 2267 .
1455 2259 1462 2267 .

436 2385 594 2418 423—30
618 2394 684 2418 om.
710 2383 780 2419 BG
851 2386 919 2419 428
944 2383 1050 2428 Quod
1133 2389 1253 2418 autem
1270 2411 1391 2420 ......
1407 2384 1538 2428 expedi
1609 2385 1676 2418 429
1700 2383 1833 2418 ibonisi

347 2442 413 2475 430
438 2451 530 2483 roga
547 2468 672 2474 ......
689 2452 724 2474 m
835 2442 899 2475 431
927 2440 1037 2475 hodie
1065 2442 1093 2474 si
1121 2441 1214 2475 hanc
1239 2440 1309 2476 BC
1415 2441 1540 2475 instite
1567 2441 1610 2483 A,
1641 2441 1747 2475 instit
1771 2439 1838 2476 BC

350 2498 413 2531 432
439 2497 682 2541 spephanium
707 2497 774 2531 BC
873 2499 939 2532 433
964 2497 1171 2532 ancillulam
1198 2498 1230 2531 A
1326 2497 1471 2531 condici
1498 2499 1534 2532 iu
1560 2497 1638 2540 BG,
1676 2496 1834 2532 conduxi

350 2554 383 2588 in
411 2554 443 2587 A
516 2554 712 2588 simbolam
737 2553 807 2589 BG
872 2556 939 2588 434
965 2555 1203 2596 sangarinum
1277 2555 1390 2588 sirum
1416 2553 1485 2589 BG
1551 2555 1618 2589 435
1642 2554 1783 2589 Eadest
1800 2553 1835 2588 Α.

438 2610 613 2645 ambabus
640 2610 669 2645 Ο
737 2611 850 2644 simus
876 2610 943 2645 BC
1010 2613 1076 2644 436
1102 2611 1223 2645 abduc
1248 2623 1307 2645 eas
1333 2610 1403 2646 BG
1470 2612 1536 2645 437
1562 2623 1628 2656 pro
1650 2610 1696 2655 B,
1722 2622 1788 2655 per
1809 2609 1839 2646 C

347 2668 414 2702 438
439 2672 560 2701 ortum
587 2667 741 2701 amicam
768 2667 833 2701 BG
945 2669 1012 2702 439
1038 2669 1233 2702 simbolam
1260 2667 1329 2703 BG
1440 2669 1507 2702 440
1531 2668 1666 2702 ludebo
1698 2667 1734 2702 B

348 2724 584 2768 sangarinum
688 2725 750 2757 441
780 2729 927 2765 egomet
953 2734 1018 2759 om.
1046 2724 1078 2757 A
1173 2725 1329 2758 442-46
1355 2734 1420 2759 om.
1448 2723 1514 2758 BC
1605 2726 1673 2758 442
1696 2723 1832 2768 Sange·

349 2783 447 2815 rinus
473 2791 555 2815 cum
650 2776 701 2813 ου’
788 2782 853 2814 443
879 2780 1265 2825 Seruushomoquibus
1279 2806 1372 2816 .....
1389 2791 1701 2816 eramcenammea
