2009 3218
328 203 409 243 426
1002 200 1125 235 Persa.

326 329 481 367 nomine
511 328 642 366 neutri
671 329 836 377 generis,
867 342 904 366 v.
936 328 984 366 ad
1015 329 1156 380 Amph.
1191 331 1269 368 712
1302 334 1341 368 et
1364 330 1475 381 Capt.
1508 332 1597 369 176.
1651 331 1806 371 Coelius

327 396 377 435 ad
407 396 529 434 Cicer.
561 395 671 434 Fam.
703 396 806 443 VIII,
839 397 875 444 4,
909 398 950 435 2:
987 396 1129 444 „Curio
1159 401 1281 445 totus,
1312 402 1357 436 ut
1387 412 1489 436 nunc
1519 403 1589 446 est,
1622 400 1695 438 hoc
1725 414 1805 438 sca-

326 462 463 502 turit“.
495 484 550 489 --
584 465 675 502 179.
706 461 827 512 istuc,
860 465 965 514 quod
997 468 1134 503 scatet.
1193 465 1378 504 Errorem
1409 467 1654 517 palimpsesti
1686 469 1806 505 miror

326 532 581 570 Ritschelium
612 533 823 582 recepisse,
866 547 913 570 an
945 534 1128 570 solatium
1160 535 1236 575 erit
1267 535 1312 580 ei,
1346 536 1408 571 cui
1438 534 1524 571 fons
1555 536 1637 583 ipse
1667 534 1803 572 turbu-

326 600 469 637 lentior
506 600 683 646 videtur,
725 600 885 650 pelagus
922 599 1033 638 fore?
1107 600 1251 638 Saltem
1292 615 1377 639 cum
1414 601 1644 650 Ijsendijkio
1682 616 1721 652 p.
1757 603 1805 640 18

327 668 576 706 scribendum
603 671 705 705 erat:
741 668 850 718 „Ego
874 669 975 706 istuc
999 669 1196 718 placidum
1213 668 1286 706 tibi
1301 670 1464 719 pelagus
1481 673 1525 706 ut
1540 670 1602 717 sit,
1627 668 1807 709 faciam“.

324 756 376 761 —
413 737 599 774 180—81
633 750 669 775 v.
702 749 819 786 supra
851 750 888 786 p.
927 737 1021 775 425.
1055 756 1108 761 --
1147 738 1336 775 182—83
1375 738 1628 787 anapaesticos
1659 738 1808 775 faciunt

324 804 370 842 R.
396 807 434 841 et
460 804 690 854 Spengelius
721 805 761 841 in
793 806 926 854 priore
961 802 1081 854 „ope“
1118 805 1342 853 scribentes,
1374 805 1414 842 in
1447 805 1570 843 altero
1605 808 1668 853 „et
1698 803 1802 843 eius“

325 875 362 908 et
396 875 510 918 „sunt
542 869 771 919 mandata“;
819 872 913 909 mihi
952 872 1148 910 trochaici
1185 872 1388 920 videntur,
1433 874 1473 909 in
1512 873 1635 910 altero
1676 877 1804 910 autem

327 936 476 986 „nunc“
519 953 591 990 pro
634 936 783 987 „hunc“
825 940 1048 989 scripserim
1089 943 1128 977 et
1170 937 1308 987 „sunt“
1353 941 1559 979 omiserim.
1606 960 1661 966 -—
1703 941 1808 979 Ante

322 1016 426 1057 quae
457 1008 640 1045 omissum
675 1005 796 1056 „eis“,
830 1021 865 1046 v.
898 1007 947 1044 ad
978 1007 1116 1058 Amph.
1154 1009 1216 1045 38.

440 1077 529 1114 184.
591 1075 709 1113 Novae
748 1088 872 1113 scenae
909 1076 1046 1113 titulus
1085 1076 1234 1124 legitur
1271 1077 1311 1113 in
1342 1076 1388 1114 A.
1448 1076 1609 1114 Toxilus
1652 1078 1732 1114 exit
1761 1090 1808 1115 ex

323 1143 456 1181 alteris
487 1143 638 1181 aedibus
669 1157 755 1181 cum
787 1143 943 1193 Paegnio
975 1144 1142 1191 servulo,
1176 1145 1249 1191 cui,
1281 1147 1326 1182 ut
1356 1143 1628 1182 Lemniselena
1659 1145 1809 1183 ancillae

322 1211 371 1248 ad
403 1225 488 1249 eum
520 1212 705 1249 mandata
735 1212 855 1259 dedit,
901 1212 956 1248 ita
986 1212 1069 1262 ipse
1101 1211 1150 1249 ad
1181 1212 1287 1249 illam
1318 1211 1405 1261 dat;
1451 1215 1519 1262 qui
1557 1212 1647 1250 dum
1679 1214 1719 1250 in
1750 1213 1805 1250 al-

321 1283 406 1317 tera
451 1292 573 1317 scenae
617 1283 729 1330 parte
781 1280 1079 1329 colloquuntur,
1134 1280 1428 1330 Sophoclidisca
1478 1281 1614 1331 procul
1666 1281 1807 1319 adstat.

322 1348 546 1386 Trochaicis
591 1349 823 1397 septenariis
868 1361 985 1385 scena
1029 1348 1176 1398 scripta
1231 1351 1309 1396 est3
1363 1348 1626 1386 admiscentur
1679 1352 1808 1386 tamen

321 1417 514 1454 octonarii
548 1416 737 1454 193——94
764 1418 803 1452 et
830 1416 921 1461 197,
954 1417 1016 1453 cui
1049 1416 1208 1453 additur
1237 1417 1314 1454 198
1347 1416 1512 1454 dimeter
1544 1417 1806 1455 catalecticus.

438 1485 527 1522 184.
552 1481 684 1532 plana
715 1484 773 1522 ed.
806 1497 866 1534 pr.
908 1503 963 1507 —
1004 1485 1094 1521 185.
1142 1483 1204 1531 tu,
1252 1484 1359 1534 quod
1400 1485 1615 1522 desiderari
1646 1484 1808 1523 Guietus

321 1552 487 1599 viderat,
520 1556 647 1590 exstat
676 1552 715 1589 in
747 1553 792 1590 A.
827 1572 874 1577 --·
917 1549 1173 1599 uerbereum,
1206 1552 1434 1590 verberibus
1468 1552 1646 1602 dignum,
1688 1566 1723 1590 v.
1757 1552 1805 1590 ad

321 1620 432 1669 Capt.
467 1621 559 1658 946.
598 1639 654 1644 -—
698 1621 788 1658 186.
836 1630 930 1670 eryo
969 1621 1102 1669 priore
1141 1624 1342 1670 correpta,
1387 1634 1422 1658 v.
1455 1621 1608 1670 Proleg.
1640 1633 1678 1670 p.
1712 1621 1819 1659 204.-

322 1707 370 1713 —-
408 1689 498 1726 187.
532 1684 603 1726 Da
626 1685 802 1737 pifjnus,
834 1702 869 1725 v.
898 1688 947 1725 ad
971 1687 1087 1738 Epid.
1117 1690 1209 1726 697.
1270 1689 1440 1738 Pignore
1472 1702 1557 1726 eum
1589 1702 1805 1739 provocans

320 1756 488 1794 affirmat
527 1769 567 1793 se
607 1757 738 1794 omnia
776 1757 1067 1794 accuratissime
1105 1757 1224 1804 scire3
1272 1757 1382 1794 addit
1429 1753 1482 1806 (v.
1520 1753 1616 1806 188)
1662 1757 1839 1806 puerili*

318 1824 563 1875 impudentia
594 1824 775 1862 Toxilum
806 1827 932 1874 ipsum
965 1824 1063 1861 nihil
1095 1826 1205 1862 scire.
1266 1821 1325 1862 Et
1356 1822 1522 1874 quidem
1546 1824 1802 1863 Studemund.

319 1893 461 1930 Annal.
493 1892 588 1943 phil.
620 1891 746 1929 XCIII
778 1906 815 1942 p.
852 1895 900 1930 52
934 1906 980 1930 cx
1010 1893 1064 1940 A,
1106 1893 1171 1930 ubi
1203 1897 1294 1930 ante
1327 1893 1357 1939 Q
1390 1894 1553 1930 duarum
1586 1893 1806 1931 litterarum

319 1962 447 2010 spatia
492 1963 594 1998 sunt.
669 1960 795 2010 Vulgo
840 1958 1081 2010 ,‚Equidem“
1125 1961 1311 2008 edebant,
1358 1960 1461 1998 unde
1506 1960 1608 1998 hunc
1653 1973 1806 1999 versum

318 2041 438 2077 prave
476 2028 615 2065 Toxilo
663 2028 912 2075 tribuebant,
959 2029 1006 2066 cf.
1039 2028 1215 2078 Spengel.
1250 2029 1375 2066 Plaut.
1416 2044 1453 2079 p.
1489 2030 1553 2066 38.
1596 2048 1649 2053 -
1689 2024 1806 2065 hodie

319 2091 469 2134 habeas
500 2096 545 2133 A.
586 2115 640 2120 —
683 2097 774 2134 189.
820 2093 942 2145 Eyon
975 2094 1063 2134 dem
1096 2096 1152 2144 A,
1198 2111 1232 2134 v.
1266 2096 1438 2134 Studem.
1480 2097 1503 2133 l.
1538 2097 1577 2134 l..
1616 2116 1669 2122 ——
1715 2097 1803 2134 191.

321 2174 484 2201 currere
514 2163 559 2210 A,
592 2177 626 2202 v.
654 2163 778 2214 Gepp.
807 2164 916 2202 Stud.
943 2165 980 2202 ΙΙ
1010 2179 1048 2215 p.
1077 2167 1140 2203 80.
1197 2165 1480 2202 Antecedentia
1512 2163 1720 2202 admodum
1751 2165 1806 2201 in-

320 2235 446 2279 certa;
487 2245 625 2282 parum
657 2231 747 2269 fidei
779 2232 898 2270 habet
928 2233 1033 2282 quod
1064 2234 1268 2283 proponit:
1323 2233 1473 2281 „Igitur
1505 2232 1594 2270 uolo
1627 2229 1803 2269 curare“.

319 2300 479 2338 Toxilus
518 2313 684 2350 puerum
722 2305 801 2337 tam
839 2302 918 2338 cito
951 2314 1105 2338 currere
1137 2301 1264 2348 iubet,
1305 2305 1349 2338 ut
1379 2302 1457 2337 iam
1491 2299 1647 2337 domum
1678 2311 1805 2337 rever-

319 2369 422 2414 terit,
464 2381 580 2417 quum
612 2368 696 2417 ipse
736 2381 822 2406 eum
855 2368 957 2418 apud
990 2368 1299 2406 Lemniselenam
1332 2382 1413 2406 esse
1445 2368 1652 2405 existimet.
1714 2367 1805 2413 Quae

319 2449 419 2487 puer
458 2435 617 2473 ludendi
656 2449 772 2473 causa
812 2437 869 2474 ita
907 2437 1212 2486 interpretatur,
1259 2441 1303 2473 ut
1334 2450 1373 2474 se
1405 2436 1607 2474 confestim
1638 2435 1805 2481 domum,

319 2517 396 2541 non
436 2503 483 2540 ad
515 2503 825 2541 Lemniselenam
866 2504 1052 2542 conferat.
1101 2524 1153 2528 —
1204 2505 1294 2542 193.
1340 2501 1474 2542 ¹*celus
1496 2500 1643 2552 pueri,
1690 2515 1725 2540 v.
1758 2501 1807 2540 ad

319 2571 430 2610 Cure.
465 2571 556 2609 614.
592 2590 639 2596 -
684 2567 815 2621 alique?
846 2572 890 2609 A.
951 2572 1055 2609 cute
1084 2568 1314 2620 peculiabo,
1357 2574 1381 2609 i.
1414 2586 1447 2608 e.
1478 2572 1620 2621 peculii
1657 2569 1806 2619 aliquid

319 2639 391 2677 tibi
416 2639 529 2676 dabo.
577 2639 727 2676 Ironice
752 2638 825 2676 hoc
851 2640 927 2676 dici
951 2640 1165 2689 plagasque
1189 2638 1411 2689 significari,
1428 2639 1540 2676 facile
1557 2637 1805 2686 intelligitur.

319 2706 478 2753 Errant,
511 2707 576 2756 qui
608 2706 764 2744 obsceni
797 2707 945 2755 aliquid
976 2707 1037 2744 hic
1061 2708 1187 2745 inesse
1213 2710 1357 2756 putant
1383 2707 1598 2754 allegantes
1625 2704 1806 2743 Pseudoli

322 2787 357 2812 v.
397 2775 498 2812 1191
534 2778 574 2811 et
603 2774 779 2824 spurium
811 2788 878 2811 nec
912 2774 1000 2812 huic
1031 2776 1209 2812 similem.
1235 2794 1288 2798 —
1323 2774 1413 2812 194.
1444 2771 1528 2822 sicle
1548 2773 1594 2821 A,
1627 2773 1673 2811 cf.
1700 2772 1805 2810 Trin.

1952 2522 1955 2554 ί
