2009 3218
369 227 449 265 256
1055 225 1174 260 Plauti
1626 227 1656 270 I,
1682 229 1715 270 2,
1740 229 1849 263 1-13

711 415 1030 460 CALLICLES.
1091 417 1513 461 MEGARONIDES.

984 528 1240 574 Callicles

369 600 521 642 Larem
555 614 716 643 corona
745 606 944 643 nostrum
975 602 1170 645 decorari
1200 602 1313 644 uolo.

370 671 499 718 Uxor,
532 686 743 714 uenerare
773 677 822 715 ut
851 673 975 715 nobis
1005 674 1113 716 haec
1145 675 1356 716 habitatio
1805 688 1851 721 40

368 743 488 785 Bona
517 743 662 785 fausta
691 743 794 790 felix
825 744 1136 799 fortunataque
1168 751 1325 787 euenat
1353 769 1408 774 —

365 815 511 870 Teque
542 821 590 857 ut
621 830 749 870 quam
782 818 966 870 primum
997 818 1161 871 possim
1193 817 1378 858 uideam.
1398 822 1648 860 emortuam.

923 908 1297 961 Megaronides

365 979 445 1020 Hic
475 979 547 1020 ille
580 984 656 1028 est,
693 984 868 1021 senecta
897 984 1043 1021 aetate
1076 981 1151 1034 qui
1182 980 1343 1021 factust
1373 995 1493 1033 puer,

367 1050 448 1100 Qui
480 1051 658 1092 admisit
688 1052 728 1091 in
763 1065 808 1093 se
841 1051 1012 1105 culpam
1044 1052 1353 1105 castigabilem.

366 1123 607 1177 Adgrediar
637 1123 863 1164 hominem.

980 1201 1238 1245 Callicles
1911 1258 1915 1263 .

922 1273 1063 1324 Quoia
1093 1275 1162 1317 hic
1194 1289 1276 1316 uox
1309 1289 1441 1328 prope
1475 1290 1540 1316 me
1572 1276 1731 1317 sonat?
1806 1288 1850 1321 45
1896 1319 1899 1321 ,

922 1366 1297 1418 Meyaromdes

366 1437 446 1478 Tui
478 1437 791 1487 beneuolentis‚
823 1439 858 1479 si
890 1439 953 1478 ita
984 1451 1028 1479 es
1060 1442 1110 1479 ut
1140 1452 1217 1492 ego
1248 1443 1291 1480 te
1322 1438 1442 1490 uolo;

368 1509 442 1551 Sin
476 1510 603 1551 aliter
634 1524 691 1559 es,
724 1510 884 1551 inimici
917 1514 1048 1563 atque
1078 1511 1180 1551 irati
1210 1509 1304 1552 tibi.

985 1599 1242 1642 Callicles

368 1673 402 1713 Ο
435 1674 583 1721 amice,
617 1673 751 1719 salue,
783 1677 914 1725 atque
945 1673 1155 1727 aequalis.
1217 1672 1274 1715 Ut
1306 1672 1440 1722 uales,

367 1745 666 1798 Megaronides
678 1745 698 1785 ἶ)

923 1817 1302 1870 Meyaronicles

752 1888 807 1929 Et
838 1893 882 1930 tu
916 1889 1069 1942 edepol
1099 1889 1231 1933 salue.
1264 1887 1475 1930 Callicles.

367 1960 501 2002 Ualen
536 1965 579 2001 et
609 1961 847 2001 ualuistin‘?

985 2031 1240 2074 Callicles

898 2104 1045 2155 Ualeo,
1078 2109 1122 2146 et
1151 2104 1269 2146 ualui
1301 2105 1472 2145 rectius.
1804 2114 1850 2148 50
1902 2117 1911 2120 ·

922 2195 1289 2247 Meyarom'des

369 2265 479 2316 Quid
511 2271 587 2307 tua
618 2268 709 2320 agit
739 2268 872 2309 uxor?
905 2272 954 2308 ut
984 2267 1131 2308 ualet?

985 2357 1239 2400 Callicles

1183 2429 1282 2470 Plus
1314 2443 1442 2483 quam
1475 2443 1553 2483 ego
1585 2429 1698 2471 uolo.

485 2565 640 2599 Titulum
665 2576 730 2599 om.
758 2565 824 2600 BC
902 2567 945 2599 39
970 2565 1132 2599 decorali
1159 2564 1194 2599 B
1275 2567 1319 2598 40
1343 2565 1447 2599 uobis
1473 2564 1505 2598 A
1582 2564 1695 2598 habet
1719 2564 1793 2599 atio
1810 2561 1848 2597 Β

367 2624 406 2655 41
437 2623 575 2655 srausta
601 2621 628 2655 C
719 2623 868 2656 eueniat
970 2623 1014 2655 43
1039 2621 1157 2655 factus
1183 2624 1239 2655 est
1263 2621 1332 2656 BC
1427 2623 1470 2655 45
1496 2621 1586 2664 Quia
1611 2621 1656 2663 A,
1681 2622 1762 2655 cuia
1784 2618 1850 2656 BC
1882 2639 1899 2663 ιγ.
1972 2634 1975 2665 s

367 2681 411 2712 46
437 2679 464 2711 si
492 2689 557 2712 om.
585 2679 614 2711 A
699 2682 734 2711 te
759 2690 823 2713 om.
850 2678 917 2713 BC
1005 2680 1049 2712 47
1074 2690 1133 2712 res
1159 2678 1188 2712 Ο
1271 2680 1314 2712 49
1339 2678 1491 2712 callides
1518 2677 1547 2712 C
1616 2679 1660 2712 50
1678 2679 1846 2722 proximo
1880 2686 1895 2714 Ξ
1968 2673 1976 2730 J

363 2736 550 2779 postponit
575 2735 605 2768 A
689 2734 873 2781 *Ualesnet
898 2736 942 2776 A,
969 2735 1102 2770 Ualent
1127 2734 1172 2774 Β,
1199 2735 1313 2770 Ualen
1339 2734 1368 2769 0
1459 2734 1654 2769 ualuistiue
1677 2734 1713 2768 A
1802 2734 1843 2769 51
1892 2730 1899 2737 '

369 2793 445 2836 agit
470 2798 532 2826 tua
556 2791 600 2835 B,
629 2795 715 2835 agat
740 2798 804 2826 tua
831 2791 860 2826 0
