2009 3218
186 148 236 192 ll,
263 150 295 190 4,
320 150 477 182 &0—100
808 150 1052 187 Trinummus.
1585 155 1665 194 283

184 273 396 315 Decedam
428 288 506 329 ego
536 275 600 317 illi
631 275 684 318 de
716 277 798 327 uia,
831 276 882 318 de
915 278 1080 324 semita,

182 344 243 387 De
274 344 436 388 honore
468 348 634 402 populi,
666 362 815 390 uerum
847 349 961 403 quod
994 349 1049 390 ad
1083 353 1276 391 uentrem
1306 351 1478 402 attinet,

181 415 276 458 Non
307 416 451 460 hercle
484 419 563 461 hoc
594 419 732 472 longe,
765 421 844 462 nisi
881 435 944 462 me
979 421 1130 474 pugnis
1161 421 1329 463 uicerit.
1597 433 1664 467 485

181 489 297 534 Cena
328 491 408 532 hac
439 505 610 532 annona
642 497 707 533 est
739 493 830 533 siue
864 492 999 533 sacris
1032 492 1264 534 hereditas.

832 617 1007 658 Philt...

179 687 354 742 Semper
385 693 432 730 tu
464 687 608 740 facito,
638 688 886 739 Lesbonice‚
919 688 998 730 1100
1029 690 1203 742 cogites,

177 759 226 802 Id
257 764 481 814 optumum
514 775 608 819 esse
640 765 732 803 tute
763 762 824 802 uti
860 762 918 803 sis
949 765 1173 815 optumus;

175 831 219 875 Si
248 831 290 874 id
322 846 521 886 nequeas,
553 833 707 875 saltem
738 838 786 876 ut
818 834 1004 887 optumis
1035 834 1094 875 sis
1126 847 1373 888 proxumus.

174 904 299 947 Nunc
340 904 635 947 condicionem
675 905 807 955 hanc,
855 919 982 958 quam
1025 920 1103 960 ego
1142 905 1233 948 fero
1274 910 1317 948 et
1348 919 1477 960 quam
1509 906 1660 949 abste

1123 982 1236 1032 peto,
1592 990 1660 1024 490

174 1049 287 1091 Dare
317 1053 448 1104 atque
480 1051 688 1104 accipere,
718 1050 970 1101 Lesbonice,
1001 1055 1043 1091 te
1075 1049 1187 1091 uolo.

173 1121 226 1163 Di
257 1121 418 1163 diuites
449 1128 563 1173 sunt,
596 1123 697 1164 deos
729 1123 883 1165 decent
914 1121 1162 1176 opulentiae

172 1193 228 1235 Et
258 1194 489 1245 factiones3
521 1209 671 1237 uerum
702 1209 781 1236 nos
814 1194 1065 1236 homunculi

172 1266 367 1309 Salillum
400 1267 582 1314 animae,
616 1281 745 1321 quam
779 1281 908 1321 quom
941 1265 1155 1321 extemplo
1189 1267 1422 1318 emisimus,

171 1339 318 1394 Aequo
350 1338 573 1381 mendicus
605 1346 737 1394 atque
768 1339 841 1380 ille
873 1339 1244 1394 opulentissumus
1588 1349 1656 1384 495

171 1409 378 1454 Censetur
408 1424 541 1454 000311
572 1412 626 1453 ad
658 1412 947 1454 Acheruntem
979 1415 1183 1454 mortuus.

777 1539 1042 1583 Stasimus

170 1611 324 1655 Mirum
355 1613 460 1667 quin
492 1617 539 1655 tu
570 1612 646 1656 1110
678 1617 821 1655 tecum
854 1612 1031 1655 diuitias
1061 1612 1189 1654 feras.

169 1683 252 1727 Ubi
283 1689 478 1727 mortuus
509 1685 580 1736 sis,
611 1685 673 1726 ita
705 1686 764 1727 sis
794 1690 844 1727 ut
873 1699 1028 1728 nomen
1060 1684 1185 1727 cluet.

854 1810 1032 1852 Philto

168 1881 290 1923 Nunc
321 1886 369 1924 ut
399 1883 512 1925 scias
543 1883 614 1925 hic
645 1884 855 1926 factiones
888 1887 1020 1937 atque
1053 1896 1154 1937 opes

166 1953 264 1996 Non
295 1968 389 1996 esse
422 1969 561 2009 neque
593 1969 670 1997 nos
702 1960 820 1997 tuam
851 1955 1076 2009 neglegere
1107 1955 1303 2008 gratiam,
1583 1969 1651 2002 500

167 2025 265 2068 Sine
296 2025 397 2068 dote
428 2040 560 2081 posco
591 2031 714 2068 tuam
747 2041 937 2069 sororem
969 2026 1070 2068 filio.

167 2096 287 2148 Quae
318 2111 387 2140 res
418 2097 527 2140 bene
559 2103 719 2140 uortat.
781 2098 962 2140 Habeon
996 2099 1200 2153 pactam?
1260 2099 1371 2149 Quid
1402 2101 1547 2143 taces?

770 2215 1035 2258 Stasimus

163 2285 246 2328 Pro
279 2286 322 2328 di
352 2287 618 2339 inmortales,
653 2287 949 2331 condicionem
982 2288 1139 2342 quoius
1169 2289 1306 2332 modi!

272 2445 339 2480 486
365 2445 436 2480 hoc
462 2445 573 2480 facito
600 2446 809 2481 Lesbonice
834 2445 903 2481 BC
969 2448 1035 2481 488
1061 2451 1101 2482 ut
1125 2447 1193 2483 BG
1267 2450 1333 2485 489
1358 2461 1477 2495 neque
1502 2451 1646 2486 adsalu-

162 2504 235 2536 tem
259 2501 327 2537 BC
404 2504 472 2537 490
497 2507 581 2547 apte
606 2502 677 2538 BG
748 2504 811 2536 491
840 2503 1003 2547 aspicere
1029 2505 1061 2538 A
1131 2507 1198 2540 492
1223 2505 1290 2540 Dei
1315 2506 1384 2541 Bc
1450 2507 1559 2543 decet
1582 2508 1651 2544 Bo

273 2559 463 2604 opulentie
487 2559 533 2601 Β,
559 2560 748 2603 opulentia
775 2558 803 2594 C
911 2561 978 2594 494
1005 2560 1173 2595 Satillum
1199 2563 1231 2596 A
1344 2564 1405 2607 qui
1430 2576 1541 2608 quum

160 2615 328 2660 exemplo
354 2615 382 2650 G
484 2616 672 2650 amisimus
696 2615 762 2650 BC
863 2618 930 2650 495
955 2619 1081 2662 Aeque
1105 2617 1173 2653 BG
1272 2620 1339 2654 496
1364 2621 1489 2655 censui
1517 2620 1546 2656 G

160 2671 362 2707 acherunte
386 2672 433 2713 B,
461 2673 661 2707 acheronte
687 2672 716 2706 C
811 2674 877 2706 497
902 2674 959 2707 An
986 2674 1117 2708 mirum
1205 2676 1298 2710 initu
1326 2675 1360 2719 0,
1387 2678 1481 2712 inito
1506 2676 1542 2712 B

158 2727 260 2762 illum
285 2728 352 2763 BC
434 2731 502 2763 499
528 2728 727 2763 fractiones
752 2727 787 2763 Β
859 2730 924 2763 502
949 2731 1109 2772 Querens
1134 2730 1170 2766 B
