2009 3218
269 207 273 211 ⁵
307 225 387 265 310
987 217 1107 252 Plauti
1528 213 1577 256 ΙΙ,
1605 216 1634 251 1,
1660 213 1798 247 10—28

307 346 425 397 Quae
452 346 608 387 misera
638 345 682 385 in
715 343 1038 397 exspectatione
1070 346 1136 383 est
1167 341 1393 395 Epignomi
1423 340 1656 397 aduentum
1688 342 1792 393 uiri3

305 416 491 459 Proinde
508 421 556 457 ut
573 416 709 465 decet,
723 415 864 455 uirum
881 428 1005 455 suum
1025 413 1179 467 cupide
1198 413 1372 466 expetit.
1406 411 1541 463 Nunc,
1558 411 1792 461 Pinacium,

308 488 408 542 Age,
455 494 503 529 ut
548 487 712 540 placet,
758 499 881 528 curre
926 495 974 527 ut
1018 485 1160 536 lubet3
1214 497 1319 526 caue
1366 496 1626 537 quemquam
1669 481 1794 525 flocci

1251 555 1425 606 feceris3
1729 568 1797 602 285

308 631 474 674 Cubitis
505 630 686 685 depulsa
716 629 768 671 de
799 629 883 679 uia,
914 627 1196 682 tranquillam
1226 627 1437 668 concinna
1469 628 1594 668 uiam.

309 704 352 747 Si
381 717 457 745 rex
489 702 680 744 obstabit
711 702 764 743 ob
797 701 926 749 uiam,
957 712 1100 752 regem
1133 699 1275 753 ipsum
1306 699 1424 752 prius
1456 700 1709 752 peruortito.

894 835 1200 876 Gelasimus

310 911 525 962 Quidnam
558 910 698 951 dicam
728 908 949 949 Pinacium
981 906 1328 947 lasciuibundum
1362 907 1566 948 currere?

309 982 603 1024 Harundineni
634 980 717 1021 fert
749 978 1078 1033 sportulamque
1111 982 1154 1019 et
1185 977 1408 1019 hamulum
1439 979 1686 1032 piscarium.

912 1103 1191 1144 Pinacium

312 1179 395 1222 Sed
426 1178 602 1220 tandem
635 1177 789 1230 opinor
821 1175 1023 1229 aequiust
1054 1189 1169 1216 eram
1202 1174 1304 1216 mihi
1337 1188 1431 1216 esse
1463 1175 1699 1229 supplicem
1734 1187 1806 1221 290

312 1253 449 1304 Atque
475 1255 672 1292 oratores
697 1248 868 1289 mittere
895 1247 950 1288 ad
976 1261 1043 1288 me
1069 1246 1267 1300 donaque
1294 1260 1345 1288 ex
1370 1260 1474 1288 auro
1493 1251 1536 1288 et
1552 1247 1798 1301 quadrigas,

312 1323 394 1373 Qui
418 1322 574 1371 uehar3
607 1334 706 1361 nam
731 1319 914 1373 pedibus
940 1320 1001 1360 ire
1025 1333 1108 1360 non
1142 1332 1265 1372 queo.
1327 1318 1442 1372 Ergo
1468 1332 1552 1360 non
1579 1324 1800 1370 reuortar3

311 1396 376 1437 Ad
409 1409 475 1436 me
509 1393 618 1435 adiri
650 1397 694 1434 et
725 1391 961 1445 supplicari
994 1395 1164 1442 egomet
1195 1389 1299 1431 mihi
1331 1404 1513 1443 aequom
1547 1404 1713 1432 censeo.

311 1471 374 1509 An
406 1480 510 1508 uero
542 1478 680 1517 nugas
711 1476 889 1505 censeas
921 1461 1047 1503 nihili
1079 1475 1172 1503 esse
1205 1462 1318 1516 quod
1352 1476 1430 1516 ego
1462 1476 1574 1503 nunc
1607 1462 1728 1504 scio?

312 1541 498 1581 Tantum
532 1551 557 1578 a
589 1541 717 1590 portu
749 1535 933 1589 adporto
965 1534 1138 1584 bonum,
1176 1545 1262 1574 tam
1297 1534 1501 1586 gaudium
1533 1533 1695 1587 grande
1728 1535 1800 1575 ad-

1263 1605 1382 1657 fer03
1737 1618 1808 1652 295<

314 1683 395 1725 L'ix
425 1683 522 1736 ipsa
554 1681 728 1722 domina
758 1679 841 1721 hoc
872 1679 1019 1719 nescia
1051 1684 1255 1731 exoptare
1287 1677 1341 1718 ab
1375 1677 1440 1719 dis
1472 1679 1644 1720 audeat.

315 1756 437 1797 Nunc
469 1754 583 1795 ultro
615 1752 659 1793 id
691 1751 947 1805 deportem?
996 1749 1122 1791 Haud
1155 1749 1311 1802 placet,
1344 1764 1485 1803 neque
1517 1750 1562 1792 id
1593 1751 1677 1792 uiri
1712 1750 1804 1792 offi-

1265 1823 1378 1862 cium
1410 1821 1612 1864 arbitror.

319 1899 387 1941 Sic
418 1898 501 1940 hoc
531 1896 703 1938 uidetur
736 1895 838 1936 mihi
871 1894 1007 1946 magis
1040 1907 1134 1934 meo
1167 1894 1397 1935 conuenire
1429 1894 1530 1935 huic
1560 1895 1733 1936 nuntio:

318 1971 560 2012 Aduorsum
591 1968 753 2016 ueniat,
787 1966 987 2009 obsecret
1020 1980 1065 2006 se
1098 1970 1144 2006 ut
1174 1966 1327 2006 nuntio
1359 1965 1442 2007 hoc
1473 1966 1718 2020 inpertiam.

319 2042 539 2085 Secundas
570 2040 767 2082 fortunas
800 2038 956 2079 decent
987 2037 1228 2090 superbiae.
1740 2049 1811 2083 300
1844 2063 1848 2068 .

432 2229 497 2262 283
524 2226 560 2260 in
585 2235 650 2259 om.
675 2222 743 2257 ΒΟ
855 2223 922 2256 284
947 2221 1055 2255 decet
1080 2223 1180 2253 amat
1205 2220 1325 2254 uirum
1449 2233 1546 2256 nuuc
1572 2221 1694 2266 expidi
1719 2223 1804 2266 pina

321 2285 390 2321 cui'
416 2284 462 2327 B,
488 2294 586 2317 nunc
612 2280 743 2325 expedi
768 2280 954 2321 vinacium
983 2277 1012 2313 O
1088 2277 1154 2311 285
1180 2287 1327 2312 currere
1352 2277 1422 2313 BG
1506 2280 1573 2313 287
1598 2278 1806 2313 obstabitor

321 2345 416 2378 uiam
442 2340 509 2376 BC
599 2338 666 2372 288
692 2337 809 2371 dicam
835 2346 899 2371 om.
926 2335 960 2369 A
1057 2334 1244 2368 dinacium
1272 2333 1302 2369 Ο
1389 2334 1707 2370 Lasciuibundum
1732 2341 1806 2370 tam

321 2401 489 2435 lubenter
515 2406 663 2430 currere
688 2404 753 2428 suo
776 2403 883 2427 versu
908 2392 1109 2433 (lubentem
1134 2391 1181 2430 A)
1299 2391 1365 2424 289
1389 2391 1537 2426 hamum
1562 2392 1631 2428 AG
1742 2393 1808 2427 290

322 2456 530 2501 aequiumst
554 2452 599 2494 A,
626 2451 774 2494 aequius
802 2454 857 2484 est
882 2448 949 2483 BC
1045 2449 1107 2481 291
1136 2447 1234 2481 dona
1259 2450 1369 2490 atque
1396 2459 1441 2481 ex
1466 2449 1529 2484 A?
1627 2450 1693 2484 292
1719 2459 1806 2493 ergo

322 2526 405 2550 nam
432 2510 514 2553 AB,
542 2518 610 2552 ego
637 2518 718 2541 nam
747 2506 776 2541 G
877 2507 942 2540 293
970 2505 1072 2539 adire
1098 2504 1141 2546 A,
1167 2503 1211 2537 iri
1236 2502 1301 2538 BC
1404 2515 1538 2540 censeo
1564 2517 1718 2550 aequum
1743 2503 1812 2539 BC

322 2575 387 2608 294
413 2572 508 2607 GEL
527 2565 706 2610 prcemisit
721 2563 750 2598 Ο
805 2563 895 2596 nihil
965 2563 1031 2596 295
1056 2558 1273 2603 Dleraem.
1293 2559 1320 2594 O
1388 2572 1408 2595 a
1433 2572 1498 2598 om.
1513 2562 1582 2597 BC
1650 2559 1808 2596 hortuB

323 2633 388 2665 296
415 2631 554 2665 nescias
581 2632 625 2673 A,
651 2624 727 2657 nesi
754 2622 848 2656 sciat
873 2618 918 2661 B,
946 2619 1014 2652 nisi
1041 2618 1134 2652 sciat
1160 2616 1188 2651 O
1265 2616 1390 2651 abdeis
1416 2618 1461 2660 A,
1488 2619 1586 2653 adist
1610 2617 1678 2653 BG
1743 2617 1808 2651 29⁷

325 2688 421 2722 ultro
449 2687 518 2722 hoo
544 2687 734 2732 deportem
759 2683 826 2719 BC
933 2675 1006 2708 hau
1032 2675 1064 2708 Α
1158 2683 1246 2707 uero
1273 2672 1341 2708 ΒΟ
1447 2677 1513 2723 298
1539 2675 1607 2710 Hic
1632 2674 1700 2710 BC

323 2744 394 2778 huo
420 2745 556 2779 nuncio
582 2743 649 2778 BC
701 2744 790 2781 ,299
816 2741 1023 2776 Adam-sum
1050 2734 1089 2763 Ut
1115 2728 1240 2764 ueniat
1264 2728 1332 2764 BG
1400 2732 1621 2777 imperitiam
1649 2731 1678 2766 Ο
1743 2730 1812 2764 300

325 2812 434 2845 super
459 2802 529 2835 uiae
555 2801 589 2836 B

1939 2954 1960 3218 -————.l-—.
