2009 3218
407 227 484 268 112
1082 225 1203 261 Plauti
1643 227 1692 272 11,
1716 230 1746 271 4,
1772 229 1884 278 7—522

1000 351 1284 403 Sceparnio

592 423 674 464 Pro
707 422 749 463 di
781 423 1045 473 inmortales,
1075 423 1255 465 Ueneris
1287 423 1429 476 effigia
1460 423 1568 464 haec
1600 424 1772 477 quidem
1804 430 1882 467 est.

402 495 457 536 Ut
486 495 527 535 in
562 494 710 535 ocellis
741 494 978 536 hilaritudo
1010 495 1091 535 est!
1125 495 1235 544 heia,
1267 508 1423 548 corpus
1455 496 1609 548 quoius
1639 497 1775 538 modi!

403 566 740 616 Subuolturium,
772 566 879 607 illud
911 566 1082 620 quidem
1115 566 1416 619 'subaquilum'
1449 566 1567 608 uolui
1599 567 1754 610 dicere.

402 638 479 680 Uel
503 637 691 692 papillae
716 639 869 692 quoius
894 638 1024 679 modi!
1058 641 1149 678 tum
1175 652 1287 691 quae
1312 638 1480 680 indoles
1505 639 1688 681 insanio
1706 640 1790 682 est!
1816 652 1884 685 420

992 719 1026 757 Α
1042 730 1117 767 mp
1128 731 1147 755 e
1160 717 1172 755 l
1184 717 1197 755 i
1208 732 1228 755 s
1239 730 1290 757 ca

401 789 493 831 Non
519 802 597 841 ego
625 803 718 830 sum
743 789 935 842 pollucta
958 802 1091 842 pag03
1124 789 1243 842 potin
1272 794 1319 829 ut
1343 802 1409 829 me
1435 789 1657 831 abstineas
1680 791 1882 832 manum?

999 873 1286 926 Sceparnio

398 948 435 989 N
442 962 494 989 on
526 948 627 989 licet
656 952 699 989 te
732 947 793 988 sic
824 946 1039 1001 placidule
1071 946 1227 988 bellam
1259 947 1372 988 belle
1402 949 1608 1001 tangere?

993 1026 1290 1077 Ampelisca

401 1098 543 1140 Otium
577 1098 650 1139 ubi
682 1098 775 1148 erit,
806 1101 898 1138 tum
928 1097 1006 1139 tibi
1038 1112 1212 1151 operam
1245 1098 1347 1140 ludo
1381 1102 1424 1139 et
1456 1098 1637 1140 deliciae
1671 1098 1794 1141 dabo.

399 1171 543 1222 Nunc,
589 1184 720 1223 quam
760 1169 814 1210 ob
854 1184 945 1210 rem
984 1169 1065 1210 huc
1096 1184 1186 1210 snm
1220 1171 1368 1220 missa,
1413 1170 1568 1211 amabo
1600 1170 1669 1211 uel
1700 1175 1747 1212 tu
1779 1171 1882 1213 mihi

1346 1242 1437 1283 aias
1467 1242 1537 1283 uel
1568 1255 1710 1295 neges.

999 1320 1285 1371 Scapul-mo

401 1393 511 1443 Quid
542 1407 656 1434 nunc
686 1392 780 1434 uis?

991 1464 1287 1515 Ampelisca

698 1536 891 1590 Sapienti
922 1541 1101 1577 ornatus
1133 1536 1235 1589 quid
1266 1537 1395 1578 uelim
1427 1537 1633 1578 indicium
1665 1535 1781 1580 facit.
1814 1550 1881 1583 425

997 1615 1284 1667 Sceparnio

396 1689 516 1730 Meus
543 1702 714 1743 quoque
740 1688 809 1729 hic
833 1689 1016 1741 sapienti
1043 1693 1223 1729 ornatus
1249 1688 1351 1741 quid
1378 1688 1505 1729 uelim
1532 1688 1739 1730 indicium
1761 1689 1878 1731 facit.

989 1767 1290 1819 Ampelisca
1887 1758 1890 1762 Δ

397 1841 514 1882 Haec
537 1839 738 1881 sacerdos
762 1839 942 1881 Ueneris
969 1839 1068 1880 hinc
1094 1853 1159 1880 me
1184 1854 1209 1880 a
1232 1839 1356 1880 uobis
1381 1839 1509 1880 iussit
1533 1843 1679 1893 petere
1710 1854 1878 1895 aquam.

997 1923 1282 1974 Sceparnio

396 1997 452 2037 At
483 2009 559 2049 ego
592 1995 796 2036 basilicus
829 2009 933 2045 sum,
967 2008 1095 2047 quem
1125 1995 1208 2035 nisi
1241 2008 1351 2043 oras,
1382 1998 1551 2047 guttam
1583 2008 1669 2036 non
1699 1994 1823 2038 feres.

396 2067 552 2109 Nostro
584 2067 704 2108 illum
736 2071 912 2120 puteum
945 2067 1105 2120 periclo
1138 2072 1181 2107 et
1210 2066 1484 2107 ferramentis
1515 2065 1712 2108 fodimus.

395 2139 486 2181 Nisi
520 2139 662 2180 multis
694 2138 915 2179 blanditiis
946 2152 972 2179 a
1005 2152 1068 2179 me
1100 2143 1222 2191 gutta
1253 2153 1334 2179 non
1367 2138 1468 2180 ferri
1501 2143 1655 2191 potest.
1810 2151 1877 2184 430

980 2233 1287 2284 Ampelisca

397 2304 481 2346 Cur
507 2311 551 2346 tu
578 2319 732 2359 aquam
760 2319 943 2357 grauare
968 2305 1134 2350 amabo,
1161 2319 1287 2358 quam
1312 2305 1448 2346 hostis
1467 2303 1579 2346 hosti
1596 2305 1872 2348 commodat‘.>

994 2395 1280 2447 Sceparnio

396 2466 481 2509 Cur
512 2473 557 2508 tu
589 2481 763 2520 operam
796 2481 979 2519 grauare
1013 2467 1127 2517 mihi7
1161 2482 1288 2521 quam
1321 2468 1427 2508 ciuis
1459 2468 1542 2508 ciui
1569 2468 1848 2510 commodat?

507 2627 573 2658 417
599 2625 648 2659 dii
774 2626 840 2658 420
864 2625 1018 2659 insalost
1042 2625 1076 2659 B
1208 2627 1273 2661 422
1299 2625 1442 2669 placide
1577 2626 1642 2659 423
1669 2625 1822 2660 delitiae
1849 2625 1879 2661 0

394 2683 460 2716 424
486 2682 561 2715 alas
672 2683 737 2715 425
762 2681 927 2715 inditium
958 2682 986 2718 O
1090 2683 1157 2715 427
1182 2682 1247 2716 Hic
1275 2682 1305 2717 C
1414 2684 1540 2725 petere
1567 2693 1697 2725 aquam
1723 2682 1830 2716 iussit
1854 2693 1874 2716 a

395 2739 500 2773 uobis
614 2738 895 2772 428=11assi1icus
921 2738 965 2781 R,
996 2739 1190 2773 Basiliscus
1217 2737 1246 2772 Ο
1345 2740 1411 2772 429
1436 2737 1509 2772 Nos
1535 2750 1600 2782 pro
1707 2739 1872 2783 periculo

394 2797 461 2830 432
485 2795 671 2829 comnidat
695 2794 729 2827 B
