2009 3218
388 199 470 237 492
1050 193 1209 228 Rudens.

389 323 548 361 Nachtr.
576 336 612 372 p.
643 324 732 360 143.
766 323 846 360 Fl.:
890 322 999 368 „Hoc
1028 322 1227 360 Herculist
1256 320 1373 359 iam“.
1412 341 1467 346 —-
1506 322 1598 359 812.
1629 318 1750 370 sigma
1779 329 1870 358 cum

391 388 524 437 clavis,
557 391 665 441 quasi
693 391 869 427 Herculis
892 393 1042 427 statuae.
1104 389 1273 427 Deorum
1304 390 1415 436 signa
1445 393 1532 426 ante
1563 389 1664 426 aedes
1696 390 1868 437 ipsorum

391 460 521 508 posita
552 472 597 495 ne
629 459 836 500 miremur,
882 458 920 494 in
959 460 1179 494 memoriam
1212 470 1396 494 revocare
1428 457 1542 494 liceat
1571 457 1766 504 ingentem
1797 468 1868 492 nu-

392 540 540 563 merum
579 529 795 563 statuarum
836 524 961 571 Iovis,
1007 527 1074 574 qui
1114 526 1151 562 in
1183 524 1411 573 Olympiaco
1443 524 1544 561 Iovis
1582 524 1784 562 lucofuit.
1816 543 1870 548 —
1927 515 1931 518 ⁴

393 595 485 631 815.
518 590 814 638 controuersia,
856 592 1103 640 ambiguitas,
1144 605 1260 641 quam
1293 593 1462 640 explicat
1490 592 1690 641 proximus
1721 604 1869 629 versus.

392 682 446 686 —
488 663 579 699 816.
613 658 775 710 quidem
805 660 909 698 Reiz.
941 679 995 684 —
1035 661 1128 697 817.
1173 656 1284 697 Cane
1312 654 1564 705 infortunio,
1607 659 1653 697 cf.
1686 659 1734 696 ad
1765 658 1869 696 Pers.

395 730 488 767 368.
508 749 574 791 ·——
607 730 699 766 818.
748 723 805 767 Ut
823 727 980 777 potest,
1023 729 1046 764 i.
1079 741 1110 764 e.
1143 732 1329 776 quantum
1361 727 1459 764 tales
1489 727 1664 764 homines
1693 730 1870 777 possunt,

393 798 440 835 cf.
475 799 567 835 804.
609 816 657 822 -
700 797 793 834 Post
830 793 970 845 iynaui
1000 795 1129 832 hiatus
1162 796 1369 842 legitimus.
1409 814 1462 820 —
1503 795 1594 832 819.
1634 795 1736 832 Ante
1774 790 1872 832 heus

393 867 511 913 item3
557 879 632 903 non
670 879 766 916 opus
804 878 891 901 cum
924 864 1057 900 Reizio
1099 861 1259 910 ‚,uobis“
1302 867 1370 900 aut
1408 877 1494 900 cum
1525 862 1715 900 Muellero
1758 875 1873 908 „num

395 933 511 984 quid⁶⁴
546 933 728 971 scribere.
777 953 821 958 -
858 928 1071 969 molestiae
1102 933 1252 980 scripsi,
1293 944 1370 968 non
1401 935 1446 968 ut
1478 931 1696 980 superiores
1732 930 1873 977 „mole-

395 1000 520 1051 stia“,
561 1003 606 1039 cf.
639 1002 755 1039 Poen.
792 1001 855 1038 35.
917 1001 1025 1036 Asin.
1060 999 1151 1036 564.
1213 999 1324 1036 Curc-
1360 1000 1451 1036 501.
1499 1018 1553 1023 -—
1599 999 1690 1036 822.
1737 1007 1874 1036 Crasso
1929 975 1973 1019 Α

396 1071 504 1119 edd.‚
545 1072 568 1107 i.
602 1085 632 1106 e.
666 1081 814 1118 magno,
847 1087 900 1093 —
940 1068 1032 1105 823.
1064 1063 1205 1104 Adeas
1236 1067 1343 1104 Reiz.
1379 1085 1426 1091 -
1469 1067 1563 1104 824.
1594 1066 1690 1103 Post
1719 1060 1875 1112 factum

395 1141 525 1177 hiatus
565 1140 604 1175 in
644 1150 800 1175 caesura.
847 1156 899 1161 -—
946 1137 1038 1173 825.
1079 1135 1222 1180 Quum,
1270 1135 1381 1185 quasi
1417 1135 1685 1183 permisissent
1727 1135 1873 1182 lorarii,

396 1207 578 1246 accedere
626 1206 781 1255 incipit,
827 1204 884 1241 illi
925 1203 1042 1241 clavis
1081 1203 1244 1240 sublatis
1284 1204 1318 1239 ei
1364 1203 1518 1239 obviam
1559 1206 1664 1239 eunt.
1737 1203 1876 1251 Itaque

398 1289 553 1313 manere
595 1271 689 1323 (non
720 1268 919 1321 accedere)
951 1285 990 1310 se
1021 1271 1138 1308 malle
1171 1271 1284 1318 dicit,
1326 1282 1470 1320 eosque
1507 1270 1589 1307 illic
1626 1271 1692 1308 ubi
1721 1271 1876 1308 fuerant

397 1344 553 1382 adstare
586 1343 705 1380 iubet.
774 1337 843 1378 illi
873 1341 1011 1390 scripsi
1041 1353 1175 1377 versus
1200 1352 1330 1386 causa,
1363 1340 1437 1375 nisi
1463 1338 1575 1375 malis
1609 1339 1768 1385 „Potius
1799 1349 1876 1375 non

398 1407 617 1450 accedam“.
702 1409 932 1459 Superiores
978 1408 1064 1445 loco
1103 1421 1180 1444 non
1227 1407 1428 1444 intellecto
1468 1407 1581 1443 nimis
1626 1406 1752 1444 multa
1797 1419 1876 1443 mu-

397 1484 542 1518 tarunt.
603 1475 718 1526 ilico,
750 1492 786 1515 v.
819 1476 868 1513 ad
898 1475 1036 1512 Bacch.
1075 1477 1193 1513 1138.
1226 1475 1328 1513 infra
1360 1476 1451 1512 867.
1488 1493 1534 1499 -
1580 1475 1670 1512 826.
1699 1470 1907 1522 proueni'

397 1545 598 1597 nequiter,
632 1547 677 1583 cf.
712 1545 760 1582 ad
791 1544 893 1582 Men.
929 1545 1021 1583 945.

514 1617 605 1654 828.
638 1611 682 1652 ιη’
704 1609 917 1659 uiolentia,
951 1613 1181 1662 asyndeton,
1215 1612 1261 1649 cf.
1288 1613 1352 1649 23.
1383 1630 1430 1636 —
1458 1612 1550 1649 830.
1589 1606 1766 1649 Gladius
1791 1610 1876 1647 edd.

400 1705 453 1710 ——-
492 1685 586 1722 831.
634 1679 754 1732 quasi
784 1695 938 1729 canem,
980 1682 1026 1718 cf.
1061 1681 1152 1718 649.
1227 1680 1352 1716 Homo
1392 1693 1439 1716 ne
1478 1693 1523 1716 ea
1560 1679 1716 1728 quidem
1756 1691 1879 1727 poena

401 1755 539 1803 dignus
580 1755 656 1797 est,
705 1764 780 1799 qua
819 1764 930 1787 canes
969 1748 1201 1786 afficiuntur.
1276 1748 1371 1784 Post
1411 1762 1444 1784 ν.
1486 1748 1564 1784 832
1605 1746 1663 1783 Fl.
1702 1747 1878 1784 lacunam

401 1823 545 1859 indicat
577 1820 659 1857 sine
692 1831 819 1856 causa.
854 1837 905 1841 —-
947 1818 1038 1855 834.
1086 1812 1310 1854 Gonuorret
1339 1825 1429 1853 cum
1450 1811 1711 1863 puluisculo,
1759 1819 1803 1851 ut
1832 1826 1879 1850 ne

402 1891 600 1926 minimum
632 1888 790 1937 quidem
821 1885 995 1936 pulveris
1029 1885 1292 1934 relinquatur,
1333 1883 1379 1920 cf.
1412 1883 1568 1920 Trucul.
1607 1883 1667 1920 19.
1703 1901 1751 1907 —
1785 1881 1876 1919 835.

402 1957 495 1995 tunc
534 1957 620 1993 edd.
660 1975 715 1979 —
754 1955 847 1992 836.
884 1948 1098 2002 profectus
1128 1949 1211 1998 ire,
1258 1952 1304 1989 cf.
1338 1952 1385 1988 ad
1417 1952 1468 1988 94
1509 1955 1547 1987 et
1587 1951 1633 1987 ad
1666 1950 1752 1987 Aul.
1789 1949 1877 1987 118.

402 2026 495 2063 Post
525 2025 605 2061 haec
636 2024 764 2061 hiatus
795 2024 832 2059 in
865 2025 1014 2058 mutata
1038 2034 1214 2071 persona.
1236 2039 1287 2044 —-
1314 2021 1405 2057 838.
1437 2015 1488 2065 is,
1520 2021 1544 2056 i.
1572 2033 1603 2055 e.
1631 2019 1690 2065 iis,
1723 2031 1757 2056 V.
1787 2018 1877 2056 636.

402 2114 434 2118 -
503 2094 594 2131 839.
642 2089 955 2136 mandaueram
998 2090 1044 2126 of.
1078 2088 1127 2126 ad
1158 2088 1265 2125 Pers,
1301 2089 1390 2125 573.
1432 2107 1485 2113 —
1526 2088 1618 2125 842.
1665 2085 1720 2123 Cf.
1762 2085 1877 2122 Poeu.

406 2163 504 2199 789:
543 2160 678 2207 „Prius
704 2173 817 2209 quam
841 2159 999 2198 obtorto
1027 2157 1123 2195 collo
1152 2156 1200 2193 ad
1216 2160 1441 2206 praetorem
1457 2152 1635 2192 trahor“.
1669 2155 1768 2191 infra
1787 2154 1877 2191 857.

404 2230 542 2279 Amph.
576 2230 693 2266 1045.
727 2248 778 2252 --
811 2228 905 2264 845.
937 2223 1043 2273 illo-5¹,
1075 2231 1154 2262 tres
1186 2225 1342 2270 amicos,
1376 2237 1410 2260 v.
1432 2225 1523 2261 313.
1554 2242 1608 2250 —
1640 2219 1695 2260 ad
1714 2220 1880 2271 portam

405 2300 530 2343 Cam„
573 2310 659 2334 nam
698 2297 736 2332 in
778 2295 912 2332 urbem
943 2293 1141 2346 rediturus
1173 2296 1251 2339 est3
1283 2294 1323 2328 in
1353 2295 1471 2342 portu
1502 2291 1597 2328 nibil
1629 2291 1792 2341 amplius
1823 2292 1880 2326 est

406 2365 511 2415 quod
543 2365 670 2401 faciat.
697 2384 750 2389 —-
785 2364 876 2400 846.
910 2359 1014 2400 laune
1038 2358 1110 2411 qui
1133 2360 1236 2398 Cam.
1265 2379 1318 2385 —
1344 2360 1436 2397 848.
1469 2356 1626 2397 endem
1656 2360 1877 2407 corruptum

406 2438 476 2470 est.
539 2432 616 2469 Leo
648 2433 686 2467 iu
719 2432 818 2468 Mus.
845 2431 968 2467 Rhen.
992 2429 1199 2467 XXXVIII
1228 2442 1266 2478 p.
1300 2430 1348 2466 21
1383 2429 1502 2465 coni.:
1550 2429 1612 2475 „in
1644 2428 1701 2464 ius
1732 2427 1878 2474 rapiam

407 2502 496 2538 hinc
527 2497 712 2545 exilico“;
759 2500 824 2536 sed
865 2499 1084 2535 emendatio
1116 2498 1218 2534 ultra
1249 2501 1475 2547 corruptum
1507 2495 1667 2532 verbum
1697 2491 1880 2545 progredi

407 2583 481 2607 non
529 2569 662 2615 debet,
709 2563 1022 2605 excruciabilem
1066 2567 1204 2615 scripsi
1248 2569 1291 2602 ut
1336 2565 1428 2603 Cist.
1476 2555 1576 2609 4803
1622 2563 1879 2610 cogitaveram

408 2640 522 2675 etiam
561 2637 607 2672 de
647 2636 732 2672 aliis
763 2640 806 2672 ut
843 2635 1159 2684 „exemplumque
1192 2631 1325 2671 eda1n“
1361 2639 1429 2669 aut
1464 2644 1723 2680 „exuramque
1754 2625 1879 2667 eum“.

407 2727 461 2732 —
508 2706 600 2743 849.
648 2700 809 2742 ambula
850 2700 894 2739 ν’φι
933 2700 1020 2749 ius,
1064 2703 1110 2740 cf.
1143 2702 1190 2739 ad
1229 2701 1341 2739 Cure.
1381 2701 1472 2738 621.
1512 2718 1565 2725 ——
1613 2699 1704 2736 850.
1754 2693 1882 2746 Quinc

410 2775 551 2821 Dousa,
585 2775 630 2810 cf.
658 2774 749 2809 271.
781 2791 836 2795 —
866 2771 903 2809 et
933 2771 1019 2808 edd.
1066 2771 1109 2807 In
1141 2772 1248 2807 exitu
1273 2782 1407 2806 versus
1430 2769 1588 2817 ponitur
1613 2768 1727 2804 etiam
1755 2765 1879 2811 1156;
