2009 3218
325 215 409 254 424
999 211 1121 247 Persa.

325 354 394 387 ne,
445 341 518 378 nisi
562 340 694 377 statim
740 340 946 390 prandium
991 340 1220 390 incipiatur,
1266 345 1438 391 pereant.
1486 347 1550 367 —'
1597 341 1685 379 140.
1726 350 1802 390 po·

325 406 481 447 sterius
510 406 618 446 istuc
639 407 791 457 potest,
824 422 875 446 sc.
910 409 986 458 agi.
1017 423 1052 447 v.
1085 409 1133 446 ad
1167 408 1302 459 Amph.
1340 410 1430 447 169.
1456 429 1509 434 —
1544 411 1633 447 141.
1666 406 1802 447 Num-

325 487 449 528 quam
485 472 622 523 hodie,
667 489 703 513 v.
744 476 794 514 ad
833 477 970 526 Amph.
1014 477 1104 514 394.
1145 477 1246 513 infra
1285 478 1376 515 220.
1452 475 1546 515 edes
1577 477 1690 515 Both.
1731 490 1800 514 em.

325 547 426 582 Ante
457 541 577 583 hodie
607 544 757 591 hiatur,
804 545 879 582 nisi
916 545 1017 582 forte
1063 543 1147 591 „hic
1179 542 1319 581 hodie“
1353 544 1598 582 scribendum
1631 548 1689 582 est
1718 557 1804 582 cum

325 612 553 665 Spengelio,
583 614 649 662 qui
680 616 808 650 cetera
841 616 943 650 recte
973 615 1118 660 tuetur,
1150 611 1276 650 Plaut.
1314 625 1352 661 p.
1385 614 1458 659 623
1502 608 1665 660 frustra
1702 612 1804 662 apud

324 680 507 718 Plautum
536 680 713 717 ultimam
744 679 899 717 brevem
930 679 1060 726 habet,
1093 694 1126 717 v.
1159 679 1271 729 Capt.
1298 680 1389 717 848.
1429 679 1532 717 Men.
1560 681 1653 718 679.
1684 680 1803 718 Mero.

328 749 418 786 520.
465 747 564 786 Rud.
599 749 690 786 956.
727 768 774 772 -
812 744 901 785 1'43.
935 746 1132 797 quantum
1154 746 1289 795 potest
1320 747 1379 784 ed.
1412 760 1484 797 pr„
1517 761 1551 785 v.
1585 748 1633 785 ad
1662 748 1804 798 Amph.

327 818 419 855 964.
462 835 510 841 -
564 816 654 853 144.
699 812 902 853 Adducis.
963 815 1104 864 Bergk.
1150 815 1235 852 Ind.
1283 815 1401 852 schol.
1444 815 1543 853 Hall.
1587 817 1803 854 1858-59

331 881 544 930 „adduxis“
578 884 724 930 voluit3
763 896 839 921 non
871 896 979 933 opus,
1021 896 1055 920 v.
1089 882 1137 920 ad
1169 883 1309 932 Amph.
1344 883 1435 920 714.
1471 902 1519 908 —-
1555 893 1604 922 ex
1633 881 1716 922 hac·
1737 881 1804 923 de-

325 949 462 1009 curia,
504 965 551 989 ex
588 952 659 990 hac
697 953 898 990 societate.
939 970 986 976 --
1040 950 1129 988 145.
1176 950 1305 988 Verba
1340 945 1451 998 Quid
1480 947 1569 988 est?
1626 951 1805 1000 Seyffert.

325 1021 466 1059 Philol.
498 1020 629 1058 XXIX
655 1034 694 1070 p.
720 1021 798 1058 406
831 1019 1008 1069 parasito
1039 1019 1192 1065 tribuit,
1224 1019 1289 1056 vix
1321 1023 1436 1056 recte.
1470 1038 1523 1043 —
1558 1020 1650 1057 146.
1683 1016 1806 1063 etiam

325 1089 409 1127 cod.
441 1088 487 1126 D.
565 1097 722 1138 quoque
753 1084 886 1134 etiam,
919 1101 954 1124 v.
987 1085 1038 1125 ad
1069 1085 1208 1136 Amph.
1243 1087 1306 1124 30.
1346 1107 1394 1111 —
1425 1084 1466 1124 si
1497 1082 1607 1125 lubet
1635 1087 1719 1137 Pyl.
1752 1107 1808 1112 —

329 1159 418 1196 147.
444 1155 482 1195 Si
504 1152 717 1205 ΐασίανιθδ,
749 1154 849 1206 face,
880 1157 904 1192 i.
926 1168 956 1192 e.
975 1155 1053 1192 noli
1087 1154 1242 1200 morari,
1274 1158 1320 1191 ut
1354 1166 1462 1202 „age‚
1493 1156 1525 1192 si
1556 1155 1648 1204 quid
1682 1152 1805 1205 agis“.

330 1246 380 1252 —
414 1227 503 1264 149.
537 1224 643 1272 astu,
676 1238 711 1262 v.
746 1224 794 1261 ad
826 1222 936 1272 capt.
971 1223 1063 1260 222.
1095 1241 1150 1247 -
1185 1223 1274 1260 151.
1314 1219 1421 1260 unde
1452 1226 1693 1272 correptum,
1731 1224 1807 1261 nisi

325 1308 410 1332 cum
442 1293 621 1331 Acidalio
656 1288 842 1341 „surpta“
876 1292 997 1341 legaS.
1037 1310 1084 1315 —
1133 1291 1224 1328 153.
1264 1286 1409 1328 Etiam
1440 1289 1483 1328 tu-
1516 1286 1654 1328 taces?
1689 1304 1724 1328 v.
1758 1291 1808 1329 ad

324 1363 432 1400 Asin.
466 1362 558 1399 707.
592 1381 644 1386 —
680 1360 770 1398 154.
803 1359 863 1397 ter
893 1359 1004 1396 tcmz‘o
1032 1354 1161 1408 peior,
1194 1371 1229 1395 v.
1262 1357 1310 1395 ad
1341 1357 1481 1407 Amph.
1516 1359 1609 1396 936.
1635 1378 1689 1384 -
1716 1359 1806 1397 155.

325 1427 426 1480 quid
454 1428 542 1468 Ald.
575 1449 629 1454 —
658 1424 812 1476 facias,
852 1441 888 1465 v.
915 1427 963 1465 ad
986 1426 1069 1464 Mil.
1103 1427 1222 1464 1029.
1254 1445 1308 1451 —
1343 1427 1433 1464 156.
1465 1435 1665 1474 causeam,
1697 1440 1732 1464 v.
1759 1426 1807 1465 ad

325 1499 408 1537 Mil.
445 1499 564 1535 1172.
596 1517 650 1522 -
686 1497 774 1534 157.
807 1492 879 1534 Eu
904 1489 1041 1544 probe,
1074 1508 1109 1532 v.
1141 1494 1188 1531 ad
1221 1494 1338 1532 Most.
1374 1495 1465 1532 331.
1497 1515 1553 1520 —
1586 1495 1676 1533 158.
1706 1503 1808 1544 gma-

325 1567 409 1605 tam
439 1566 551 1605 tuam
575 1565 680 1603 Cam.
700 1584 753 1589 —
781 1565 871 1602 160.
903 1565 1032 1600 Πόθεν
1056 1558 1329 1601 ormwnenta?
1358 1562 1537 1611 Pylades.
1582 1562 1640 1600 De
1663 1561 1810 1600 Graecis

324 1634 524 1674 vocabulis
560 1634 797 1671 intermixtis
839 1648 872 1671 v.
906 1632 953 1669 ad
985 1631 1126 1669 Bacch.
1164 1632 1282 1668 1161.
1315 1650 1369 1655 -
1408 1627 1603 1680 damasso,
1644 1631 1709 1680 qui
1749 1630 1819 1668 his

325 1702 537 1742 strionibus
576 1703 810 1741 vestimenta
848 1704 888 1738 et
926 1703 1155 1738 ornamenta
1195 1697 1365 1748 praebet,
1411 1711 1446 1736 v.
1480 1698 1529 1736 ad
1569 1697 1679 1736 Curc.
1713 1699 1807 1737 460.

325 1791 380 1796 —
422 1772 510 1808 161.
559 1766 799 1808 locauerunt
827 1768 1054 1819 paenultima
1093 1767 1222 1814 brevi,
1261 1767 1371 1804 cuius
1410 1766 1592 1804 Plautina
1629 1765 1839 1816 exempla'

325 1842 414 1876 sunt
443 1838 580 1876 Bacch.
615 1839 708 1877 923.
760 1837 878 1875 Most.
911 1838 1004 1874 275.
1056 1836 1174 1873 Poen.
1208 1836 1270 1873 21.
1325 1835 1498 1883 Langen.
1523 1834 1643 1872 Beitr.
1666 1847 1705 1884 p.
1726 1834 1804 1872 284

327 1902 558 1945 debetcum
588 1905 780 1944 infinitivo
820 1919 841 1942 a
872 1905 1011 1942 Plauto
1052 1903 1276 1942 abiudicans
1316 1915 1471 1941 versum
1510 1903 1686 1953 spurium
1726 1915 1808 1941 esse

327 1978 469 2013 censet.
507 1995 563 1999 —
606 1974 695 2011 162.
743 1968 830 2012 Sed
866 1983 937 2023 esso
977 1969 1084 2010 nihil
1113 1969 1268 2010 horunc
1298 1968 1402 2018 scio,
1449 1970 1516 2008 sed
1547 1972 1603 2008 ita
1632 1971 1714 2008 haec
1746 1971 1809 2019 agi

327 2047 496 2093 oportet,
529 2043 641 2092 quasi
672 2055 742 2091 ego
775 2041 871 2078 nihil
902 2054 1032 2078 eorum
1064 2042 1194 2078 sciam.
1234 2059 1288 2064 —
1329 2040 1418 2077 164.
1460 2035 1642 2078 adserito
1672 2048 1808 2086 manu,

327 2113 368 2149 in
401 2110 643 2148 libertatem.
688 2123 777 2147 nam
816 2109 941 2146 libera
978 2108 1110 2159 puella
1149 2109 1232 2145 iure
1269 2107 1403 2145 venire
1441 2120 1519 2145 non
1555 2110 1724 2157 poterat.
1756 2126 1809 2132 —-

333 2180 421 2217 166.
468 2172 787 2216 curaJnterz'bi
817 2176 1027 2215 Acidalius.
1064 2197 1109 2201 —
1158 2177 1248 2214 167.
1294 2176 1455 2213 Numeri
1494 2175 1694 2223 duriores,
1741 2175 1811 2213 sed

328 2260 404 2284 non
436 2248 502 2296 qui
532 2245 835 2284 Ritschelianam
867 2243 1149 2295 transponendi
1180 2245 1369 2281 rationem
1402 2247 1597 2281 excusent.
1631 2263 1684 2269 —
1718 2243 1807 2282 168.

328 2310 402 2352 hoc
433 2314 521 2352 add.
554 2313 705 2359 Guiet.;
742 2311 870 2361 „rem“
906 2313 1083 2350 Mueller.

446 2586 535 2623 169.
582 2584 892 2635 Sophoclidisca,
933 2585 1140 2636 peculiaris
1172 2584 1450 2622 Lemniselenae
1482 2580 1534 2632 (v.
1569 2580 1683 2631 202),
1725 2595 1807 2620 011111

331 2653 499 2704 epistola
544 2653 591 2690 ad
632 2653 811 2691 Toxilum
860 2655 975 2691 missa
1021 2657 1089 2691 est.
1164 2653 1283 2702 AEgre
1328 2651 1454 2688 ferens
1499 2651 1602 2701 quod
1646 2650 1808 2688 totidem

331 2721 605 2768 admoneatur,
651 2735 736 2759 cum
776 2734 821 2758 ea
860 2721 1084 2771 expostulat
1115 2724 1164 2768 et,
1197 2725 1242 2758 ut
1272 2732 1372 2770 saepe
1405 2719 1508 2768 apud
1540 2719 1721 2756 Plautum
1752 2717 1806 2765 fit,

333 2791 418 2839 ipsa
450 2790 487 2826 in
519 2802 670 2827 scenam
710 2801 866 2837 egressa
902 2789 1006 2826 illam
1046 2790 1147 2826 intra
1188 2788 1287 2826 aedes
1326 2791 1543 2824 versantem
1581 2786 1805 2835 alloquitur.

1980 1565 1986 1570 4
1979 1126 1981 1129 ’
1980 1050 1981 1057 ⁴
1980 990 1983 994 *
1978 926 1983 935 ι
1976 888 1985 917 ‘a
1979 874 1984 879 ⁹
1976 841 1982 859 Δ

1954 3102 2009 3218 Ξ-
