2009 3218
374 237 425 275 92
1063 230 1181 265 Plauti
1617 229 1643 271 1,
1670 230 1701 271 2,
1727 229 1858 262 36-53

593 382 601 401 s
973 357 1263 399 Daemones

1389 426 1513 468 Tace.

375 501 439 542 Tu
471 501 506 543 si
541 501 645 555 quid
677 514 785 555 opus
818 504 885 542 est
917 499 1020 542 dice.

949 601 1295 652 Plesidippus

1080 673 1160 714 Dic
1192 672 1307 726 quod
1338 676 1382 714 te
1412 685 1536 725 rogo:

378 747 566 800 Ecquem
597 750 645 787 tu
675 746 746 787 hic
777 745 992 787 hominem
1025 746 1226 798 crispum,
1260 745 1459 785 incanum
1490 743 1665 792 uideris,
1801 753 1864 786 125

378 817 553 867 Malum,
585 818 820 872 periurum,
851 817 1154 871 palpatorem?

974 918 1269 960 Daemones

1195 990 1428 1042 Plurim0s3

380 1064 488 1106 Nam
522 1078 599 1117 ego
631 1069 809 1117 propter
841 1062 1051 1105 eiusmodi
1084 1064 1200 1104 uiros
1232 1063 1332 1104 uiuo
1365 1064 1508 1105 miser.

952 1164 1300 1216 Plesidippus

383 1239 462 1280 Hic
494 1239 601 1287 (lico,
636 1239 677 1278 in
710 1237 853 1279 fanum
889 1236 1070 1278 Ueneris
1102 1237 1175 1289 qui
1208 1237 1483 1278 mulierculas

386 1312 501 1352 Duas
535 1324 676 1352 secum
711 1309 893 1350 adduxit
925 1310 1084 1362 quique
1119 1309 1355 1350 adornarat
1385 1308 1465 1349 sibi

383 1383 440 1424 Ut
473 1398 559 1423 rem
592 1382 783 1423 diuinam
815 1381 963 1432 faciat,
993 1386 1068 1422 aut
1099 1381 1226 1422 hodie
1259 1387 1335 1422 aut
1367 1380 1469 1422 heri.
1811 1391 1872 1424 130

983 1483 1274 1524 Daemones

384 1558 480 1599 Non
513 1557 666 1607 hercle,
701 1555 968 1605 adulescens,
1001 1555 1085 1595 iam
1118 1554 1195 1596 hos
1228 1555 1319 1596 dies
1353 1554 1655 1608 complusculos

385 1631 654 1683 Quemquam
686 1628 786 1669 istic
817 1627 905 1668 uidi
938 1626 1219 1678 sacruficare3
1253 1632 1570 1680 neque'p‘otest

386 1702 507 1743 Clam
543 1714 606 1741 me
640 1713 745 1741 esse.
781 1701 812 1739 si
848 1699 920 1752 qui
954 1698 1194 1739 sacruficat.
1258 1698 1436 1752 Semper
1467 1703 1622 1752 petunt

387 1776 551 1826 Aquam
584 1772 682 1813 hinc
714 1776 789 1811 aut
821 1772 958 1822 ignem
994 1776 1069 1810 aut
1101 1771 1279 1811 uascula
1311 1775 1387 1811 aut
1418 1770 1600 1811 cultrum
1633 1775 1709 1810 aut
1739 1783 1842 1810 ueru

387 1848 472 1887 Aut
504 1844 645 1886 aulam
681 1849 870 1884 extarem
904 1848 979 1883 aut
1011 1842 1195 1894 aliquid3
1229 1842 1331 1896 quid
1364 1841 1507 1882 uerbis
1539 1842 1695 1895 opust?
1811 1851 1874 1884 135

391 1918 547 1959 Ueneri
579 1916 731 1970 paraui
763 1929 872 1956 uasa
904 1918 946 1956 et
977 1920 1166 1967 puteum,
1198 1929 1284 1955 non
1315 1913 1431 1954 mihi.

388 1989 512 2030 Nunc
542 1987 821 2030 interuallum
855 1988 937 2027 iam
971 1985 1048 2027 hos
1081 1986 1171 2027 dies
1204 1985 1359 2026 multos
1390 1985 1483 2026 fuit.

956 2088 1300 2139 Plesidippus

390 2164 448 2206 Ut
480 2163 614 2205 uerba
646 2161 886 2215 praehibes,
918 2174 984 2202 me
1018 2161 1178 2214 perisse
1211 2159 1450 2213 praedicas,

991 2262 1280 2314 Daemones

393 2339 490 2380 Mea
521 2337 694 2390 quidem
728 2335 870 2377 hercle
903 2348 1035 2374 causa
1066 2334 1210 2374 saluos
1241 2334 1299 2374 sis
1331 2333 1444 2373 licet.

992 2447 1275 2498 Sceparnio

394 2523 509 2566 Heus
541 2528 599 2571 tu,
632 2523 702 2576 qui
738 2522 835 2562 fana
869 2521 1030 2561 uentris
1063 2533 1196 2560 causa
1227 2518 1436 2569 circumis,
1820 2527 1883 2559 140

395 2595 549 2636 lubere
583 2594 759 2634 meliust
792 2592 1018 2646 prandium
1053 2592 1198 2632 ornari
1231 2590 1356 2631 domi.

513 2754 575 2786 129
601 2752 799 2785 adornaret
898 2750 958 2783 132
984 2747 1215 2783 sacruificare
1242 2748 1276 2782 B
1380 2748 1442 2781 135
1467 2746 1550 2780 aliia
1584 2746 1613 2781 Ο
1701 2751 1826 2780 extare
1850 2745 1886 2780 B

400 2811 462 2843 135
489 2808 639 2852 periisse
737 2807 798 2840 139
824 2805 920 2839 ercle
1019 2807 1075 2838 141
1105 2805 1233 2839 lubere
1260 2803 1288 2839 C
1380 2803 1508 2837 melius
1536 2807 1593 2836 est
