2009 3218
369 234 445 272 11ss
1050 226 1168 262 Plauti
1479 225 1481 227 ’
1584 227 1631 266 Π,
1656 230 1686 272 6,
1713 227 1848 264 21—37

952 353 1265 395 Charmides
1398 399 1400 401 ,

366 427 439 468 Pol
473 427 659 466 minume
689 426 833 474 miror,
864 426 988 466 nauis
1019 426 1055 466 si
1087 424 1266 466 fractast
1299 424 1386 473 tibi,

365 499 512 540 Scelus
543 502 586 540 te
618 501 661 538 et
692 496 870 538 sceleste
902 502 1030 549 parta
1061 511 1171 550 quae
1204 496 1323 537 uexit
1354 495 1478 536 bona.

1003 582 1214 624 Labra]

368 657 543 697 Pessum
577 655 734 696 dedisti
767 669 832 696 me
863 649 1302 696 blandimentis'tuis.

959 733 1266 775 Charmides

374 806 674 848 Scelestiorem
708 820 856 847 cenam
888 807 1038 847 cenaui
1070 811 1186 846 tuam

373 878 511 928 Quam
543 892 655 932 quae
686 878 899 931 Thyestae
931 882 996 918 est
1027 877 1272 930 anteposita
1305 882 1347 917 et
1379 875 1527 917 Tereo.

1010 955 1214 997 Labrax
1558 938 1562 942 ’

376 1030 502 1079 Perii,
535 1030 676 1070 animo
709 1029 818 1070 male
850 1028 917 1079 fit3
950 1028 1120 1069 contine
1154 1041 1313 1080 quaeso
1346 1032 1490 1081 caput.

963 1106 1267 1148 C'lzcm=·om'des

375 1180 657 1222 Pulmoneum
690 1180 841 1233 edepol
872 1180 996 1220 nimis
1026 1179 1156 1220 uelim
1189 1179 1396 1220 uomitum
1428 1192 1586 1219 uomas.

1012 1258 1217 1299 Labrax

377 1332 508 1381 Eheu,
541 1331 765 1373 Palaestra
795 1335 928 1384 atque
960 1329 1217 1384 Ampelisca,
1249 1329 1323 1371 ubi
1355 1330 1462 1371 estis
1495 1330 1637 1370 nunc?

967 1409 1273 1451 Charmides

378 1484 570 1525 Piscibus
601 1484 643 1523 in
675 1483 763 1523 alto
797 1482 924 1523 credo
957 1482 1168 1535 praebent
1201 1480 1416 1534 pabulum.

1014 1559 1225 1602 Labrax·

378 1634 703 1675 Mendicitatem
735 1633 837 1674 mihi
871 1633 1066 1686 optulisti
1099 1646 1232 1686 opera
1262 1637 1350 1681 tua,

381 1707 489 1747 Dum
521 1707 606 1747 tuis
638 1705 836 1746 ausculto
869 1704 1125 1756 magnidicis
1158 1703 1406 1744 mendaciis.

968 1794 1270 1835 Charmides

380 1869 541 1910 Bonam
574 1872 639 1909 est
670 1867 784 1921 quod
818 1866 977 1908 habeas
1010 1867 1193 1920 gratiam
1228 1866 1378 1906 merito
1412 1865 1526 1913 mihi,

382 1940 462 1990 Qui
494 1946 535 1981 te
568 1954 618 1980 ex
650 1938 814 1980 insulso
848 1938 1011 1980 salsum
1043 1938 1125 1979 fec-i
1157 1951 1289 1991 opera
1321 1951 1427 1977 mea.

1019 2027 1222 2069 Labrax

382 2102 492 2152 Quin
525 2106 571 2142 tu
603 2100 701 2141 hinc
731 2101 768 2141 is
801 2115 825 2140 a
858 2114 922 2140 me
954 2100 996 2140 in
1031 2115 1272 2141 maxumam
1307 2099 1465 2140 malam
1497 2098 1696 2139 crucem?

969 2188 1276 2231 Charmides

384 2264 490 2315 Eas,
521 2276 680 2316 easque
711 2277 779 2304 res
812 2262 992 2315 agebam
1024 2262 1308 2304 commodum.

1024 2351 1229 2394 Labraa:

385 2426 517 2477 Eheu,
548 2426 643 2479 quis
676 2426 787 2466 uiuit
817 2440 883 2466 me
916 2425 1111 2466 mortalis
1142 2424 1366 2466 miserior?

975 2514 1280 2557 Charmides

386 2589 476 2641 Ego
508 2587 641 2628 multo
673 2590 795 2628 tanto
827 2588 1024 2629 miserior
1054 2601 1185 2641 quam
1216 2593 1276 2637 tu,
1311 2585 1495 2627 Labrax.

500 2747 566 2779 494
591 2745 641 2778 ibi
712 2762 715 2765 μ
767 2744 833 2777 498
858 2745 1042 2788 quondam
1070 2746 1282 2788 anteposita
1309 2751 1363 2778 est
1495 2745 1562 2778 499
1587 2743 1669 2777 Peri

391 2803 567 2848 amplisca
594 2801 622 2836 0
711 2802 776 2834 502
801 2800 974 2844 papulum
1001 2801 1036 2835 B
1130 2803 1196 2835 508
1221 2801 1293 2835 Das
1318 2800 1387 2835 BG
1475 2802 1541 2834 510
1566 2803 1668 2834 tanta

1786 507 1851 540 495

1794 1189 1860 1222 500

1797 1876 1863 1909 505
1914 1866 1925 1885 ’

1801 2596 1869 2629 510

1804 2744 1865 2777 501
