2009 3218
165 205 221 244 lv,
246 207 277 244 2.
302 206 434 239 ⁴8-54
828 201 985 236 Rudens.
1563 205 1642 243 237

707 326 1104 379 Pamplee'lv’ppus

166 403 273 445 Deos
305 399 504 442 salutabo
536 398 681 448 1110‹l0;
716 403 837 452 poste
869 398 923 440 ad
957 403 998 440 tc
1032 399 1236 440 continuo
1270 405 1457 440 transeo.
1578 412 1644 444 625

749 492 1052 535 Gelasimus

163 552 272 604 Quid
305 552 465 606 igitur?

147 615 152 621 ⁷
738 622 1058 676 Epignomus

457 696 549 736 Dixi
584 694 783 749 equidem
816 696 858 736 in
891 708 1105 737 carcerem
1139 695 1236 736 ires.

745 789 1051 831 Gela=i1nus

1242 861 1354 912 Quin
1387 863 1422 904 si
1455 863 1645 913 iusseris,

163 921 223 963 Eo
254 934 426 975 quoque
459 919 540 960 ibo.

739 998 1057 1051 Epz'ynomus

369 1071 420 1112 Di
453 1070 718 1122 inmortales,
749 1069 818 1112 hic
850 1070 1022 1124 quidem
1055 1070 1125 1124 pol
1159 1084 1367 1112 summam
1402 1071 1442 1111 in
1476 1084 1643 1112 crucem

95 1190 102 1196 ,
164 1143 280 1186 Cena
310 1149 384 1185 aut
417 1143 598 1197 prandio
631 1142 807 1197 perduci
841 1146 995 1197 potest.

752 1237 1051 1279 Gelasimus

1036 1310 1105 1352 Ita
1135 1310 1354 1364 ingenium
1385 1324 1525 1351 meum
1559 1313 1644 1352 est:

164 1381 411 1432 Quicumuis
442 1382 640 1437 depugno
673 1382 808 1423 multo
840 1381 1012 1423 facilius
1044 1395 1171 1436 quam
1204 1395 1302 1424 cum
1334 1381 1460 1424 fame.

162 1455 253 1497 Non
285 1468 362 1508 ego
394 1455 468 1496 isti
500 1454 616 1509 apud
647 1460 689 1496 te
720 1454 830 1496 sat-is
859 1444 1040 1506 feliciter
1071 1454 1273 1507 quidquid
1304 1454 1432 1496 dabas
1579 1466 1647 1500 630

168 1525 471 1578 Cmaeficiebam?

738 1599 1068 1650 Epislnomus

529 1671 644 1712 Satis
677 1676 874 1724 spectata
906 1676 971 1712 est
1005 1671 1105 1712 mihi
1139 1671 1224 1712 iam
1258 1675 1334 1714 tua
1364 1669 1564 1714 felicitas.

166 1741 271 1783 Dum
303 1743 517 1796 parasitus
551 1742 651 1784 mihi
683 1746 814 1797 atque
847 1742 970 1784 fratri
1004 1741 1137 1793 fuisti,
1168 1757 1258 1785 rem
1289 1743 1588 1797 confregimus.

163 1812 284 1855 Nunc
314 1827 392 1867 ego
423 1814 521 1856 nolo
554 1828 605 1856 ex
637 1814 858 1857 Gelasimo
890 1814 994 1856 mihi
1025 1813 1117 1856 fieri
1150 1816 1191 1853 te
1224 1811 1602 1869 Catagelasimum.

753 1916 1055 1959 Gelasimus

162 1987 306 2029 Iamne
337 1988 563 2031 abierunt?
610 1988 838 2041 Gelasime,
869 1989 980 2039 uide,
1014 1988 1118 2043 quid
1151 1989 1374 2044 capturu's
1406 1989 1572 2032 consili.

165 2055 336 2109 Egone?
395 2057 458 2101 Tu
491 2074 555 2102 ne.
617 2060 809 2104 Mihine?
868 2061 964 2102 Tibi
996 2075 1060 2103 ne.
1123 2060 1263 2103 Uiden
1294 2066 1342 2103 ut
1373 2075 1545 2103 annona
1577 2067 1644 2104 est

1106 2133 1279 2187 grauis?
1578 2145 1651 2179 635.

164 2198 299 2242 Uiden
330 2201 619 2256 benignitates
651 2204 870 2247 hominum
902 2208 950 2246 ut
980 2205 1149 2259 periere
1181 2209 1224 2247 et
1254 2204 1552 2260 prothymiae?

165 2269 298 2314 Uiden
331 2275 536 2318 ridiculos
568 2276 689 2318 nihili
722 2276 812 2318 fieri
845 2282 977 2331 atque
1008 2277 1125 2331 ipsos
1158 2277 1468 2330 parasitarier?

270 2432 336 2466 625
360 2432 469 2468 domo
496 2434 528 2467 A
603 2438 732 2478 postea
746 2434 811 2469 BC
884 2439 1069 2470 contenuo
1096 2434 1128 2468 A
1205 2435 1272 2469 626
1299 2436 1386 2480 quin
1412 2436 1561 2471 iusseris
1576 2437 1643 2472 BG

163 2487 228 2521 62⁷
252 2488 301 2523 dii
326 2488 394 2524 BC
513 2491 634 2525 iusum
661 2503 718 2525 ma
742 2491 779 2525 in
805 2490 855 2533 B,
888 2491 1067 2526 uisumma
1091 2491 1128 2525 in
1155 2491 1184 2526 0
1315 2493 1382 2528 628
1406 2494 1504 2537 potis
1530 2499 1584 2528 est
1609 2494 1642 2528 A

162 2543 312 2579 630-31
339 2557 411 2582 uno
435 2558 539 2582 versu
563 2557 701 2589 omnes;
728 2548 756 2581 A
779 2548 945 2591 proximo
964 2548 1162 2592 postponit.
1254 2548 1324 2583 ista
1349 2549 1382 2582 A
1471 2556 1582 2594 apute
1607 2550 1643 2584 B

164 2600 272 2634 satis
333 2603 593 2638 .conficiebam
621 2615 686 2638 om.
802 2605 868 2637 633
894 2603 993 2638 nollo
1019 2615 1037 2637 e
1057 2603 1126 2639 BC
1224 2603 1301 2639 fieri
1328 2615 1394 2640 om.
1408 2605 1475 2641 BC
1576 2608 1643 2641 634

164 2655 352 2694 nbistiBG
421 2660 508 2704 quid
530 2672 565 2694 es
587 2664 762 2704 capturus
781 2659 1013 2702 consiliiBC',
1041 2671 1137 2694 nunc
1159 2662 1313 2696 consilio
1335 2667 1445 2706 capto
1471 2667 1580 2707 opust
1609 2663 1641 2697 A

163 2713 229 2748 635
252 2714 354 2749 uiden
413 2717 479 2751 636
506 2715 616 2751 Uides
638 2716 705 2751 BC
761 2722 801 2750 ut
825 2727 891 2752 om.
917 2716 986 2752 BG
1041 2718 1218 2761 perierint
1243 2718 1275 2752 A
1328 2709 1550 2763 prothimiae
1575 2718 1643 2754 BC

164 2767 228 2804 687
251 2768 363 2807 Uiden
385 2771 454 2807 ΒΟ
543 2773 659 2807 mihili
686 2772 714 2808 C
