2009 3218
325 165 406 203 380
1006 157 1125 192 Plauti
1545 155 1598 199 Π,
1620 157 1653 194 7,
1676 152 1810 191 42-5‘2

867 281 1265 336 Stratophanes

326 357 452 398 Nunc
484 369 560 408 ego
592 369 708 397 meos
741 355 907 396 animos
938 353 1151 395 uiolentos
1182 366 1407 405 meamque
1431 353 1538 393 iram
1563 365 1613 394 ex
1637 355 1811 404 pectore
1847 352 1850 354 ’

1273 424 1359 464 iam
1389 437 1599 478 promam.

333 499 550 552 Loquere,
590 497 703 538 unde
736 511 801 546 es,
833 497 988 550 quoius
1021 509 1088 545 es,
1120 509 1195 537 cur
1226 493 1370 536 ausu's
1403 493 1814 551 mihitinclementer

1278 565 1445 607 dicere?
1729 569 1733 573 '

958 659 988 701 C
999 675 1024 714 y
1037 674 1061 700 a
1072 674 1111 700 m
1127 675 1152 700 u
1165 674 1183 700 s

1504 715 1705 756 Lubitum
1737 719 1812 756 est.

678 855 679 858 Ἴ
872 798 1269 852 Stratophanes

333 874 521 915 Istucine
554 872 655 913 mihi
689 871 949 924 responsas?

962 970 1184 1025 Cyamus

1014 1042 1126 1084 Hoc:
1159 1055 1243 1083 non
1276 1055 1352 1093 ego
1384 1045 1427 1082 te
1458 1040 1578 1082 flocci
1609 1039 1732 1083 facio.

876 1143 1270 1198 Stratophanes

335 1221 445 1272 Quid
480 1220 556 1261 tu?
617 1217 702 1260 Cur
734 1231 841 1259 ausa
872 1231 916 1259 es
949 1216 1079 1258 alium
1112 1221 1154 1257 te
1187 1215 1329 1256 dicere
1361 1228 1506 1256 amare
1538 1213 1780 1256 hominem?

905 1318 936 1359 P
948 1318 975 1359 h
987 1332 1038 1358 ro
1053 1332 1079 1358 n
1092 1318 1161 1358 esi
1173 1331 1199 1358 u
1213 1331 1251 1357 m

1506 1372 1709 1414 Lubitum
1740 1377 1816 1414 est.

877 1468 1273 1522 Stratophanes

339 1545 415 1586 Ain
458 1543 658 1585 tandem?
718 1542 835 1584 Istuc
876 1542 1061 1594 primum
1099 1541 1308 1594 experiar.
1387 1539 1480 1580 Tun
1521 1538 1680 1580 tantilli
1721 1537 1821 1583 doni

1285 1599 1429 1661 causa,
1755 1620 1822 1654 600

340 1687 708 1740 Holerum'atque
741 1698 935 1727 escarum
975 1689 1019 1725 et
1057 1697 1306 1737 poscarum,
1349 1682 1572 1723 moechum
1613 1681 1841 1724 malacum.

625 1747 629 1750 ’
1288 1755 1576 1795 cincinnatum

342 1829 687 1871 Umbraticulum
719 1827 1081 1881 tympanotribam
1115 1840 1235 1868 amas
1266 1826 1480 1867 hominem
1513 1839 1591 1865 non
1626 1817 1780 1866 nauci?

966 1927 997 1970 C
1008 1943 1033 1983 y
1044 1943 1068 1970 a
1079 1943 1119 1969 m
1131 1942 1159 1969 u
1173 1942 1191 1969 s

1439 1983 1558 2033 Quae
1591 1983 1710 2025 haec-
1726 1983 1820 2025 res?

342 2061 492 2101 Meone
518 2073 590 2100 ero
616 2063 676 2108 tu⁷
702 2058 894 2111 inprobe,
912 2057 1169 2098 maledicere
1196 2055 1342 2102 audes,
1363 2055 1456 2096 fons
1483 2055 1563 2095 uiti
1583 2059 1626 2096 et
1642 2054 1822 2108 peiiuri‘?

884 2158 1276 2212 Stratophanes

343 2232 532 2273 Uerbum
557 2246 687 2273 unum
713 2231 823 2273 adde
857 2232 982 2281 istoc,
1013 2231 1097 2272 iam
1115 2229 1260 2271 hercle
1289 2243 1366 2282 ego
1392 2233 1434 2270 te
1459 2228 1528 2269 hic
1555 2227 1636 2268 hac
1660 2225 1821 2269 offatim

1288 2299 1524 2342 conficiam.

454 2439 518 2472 596
543 2437 730 2472 uiolentus
756 2437 790 2471 Β
870 2437 1057 2481 Expector
1082 2436 1190 2470 etiam
1217 2435 1246 2470 O
1324 2436 1390 2469 597
1415 2434 1575 2478 Loqueri
1599 2432 1635 2468 Β
1704 2436 1759 2468 ‘est

342 2494 583 2528 inclementer
608 2492 698 2526 mihi
725 2492 754 2527 Ο
823 2493 949 2527 lubido
1025 2494 1091 2527 598
1115 2492 1216 2527 Istuc
1240 2503 1306 2526 nec
1384 2491 1570 2536 responsis
1649 2494 1684 2524 te
1709 2500 1772 2525 om.
1799 2487 1829 2524 G'

418 2549 522 2584 flacci
547 2548 582 2583 B
664 2550 729 2583 599
756 2555 878 2584 amare
905 2549 1052 2584 homine
1077 2548 1113 2583 Β
1189 2548 1354 2583 lubitunt
1379 2545 1423 2591 Β,
1449 2547 1631 2582 lubitunst
1657 2545 1685 2581 Ο
1741 2545 1826 2580 4600

343 2610 421 2641 tum
514 2605 655 2650 pentilli
686 2604 719 2647 C,
747 2605 879 2649 pertilli
903 2605 939 2639 B
1031 2606 1095 2640 601
1124 2615 1269 2640 mecum
1360 2605 1426 2638 602
1451 2602 1741 2638 Umbraticolum

344 2662 492 2707 lympha
517 2662 702 2696 notribam
822 2673 904 2705 quae
931 2661 1074 2696 hercles
1189 2662 1254 2696 603
1279 2661 1447 2704 improbe
1473 2665 1508 2693 et
1533 2674 1553 2691 o
1581 2658 1627 2701 B,
1655 2656 1824 2702 improbe

343 2724 381 2754 et
407 2720 435 2751 (1
526 2718 641 2762 peiuri
669 2716 697 2751 C
737 2756 740 2759 K
788 2718 854 2752 604
882 2717 1018 2752 affatim
1047 2717 1075 2753 Ο
1163 2716 1320 2752 officiam
1698 2740 1701 2741 ν
