2009 3218
176 182 208 220 1.
234 183 266 224 3,
295 182 402 216 1—22
826 179 987 216 Stichus.
1588 185 1670 224 203

556 372 891 416 GELASIMUS.
953 372 1296 417 CROCOTIUM.

761 486 1074 529 Gelasimus

176 561 350 602 Famem
382 573 459 613 ego
491 558 626 601 fuisse
659 559 856 613 suspicor
887 563 1068 600 matrem
1102 558 1224 610 mihi3

176 632 284 675 Nam
317 637 548 686 postquam
581 635 708 672 natus
740 644 847 679 sum,
880 636 1004 672 satur
1036 644 1271 684 numquam
1303 630 1375 673 fui.

175 703 325 758 Neque
357 704 585 759 quisquam
621 701 775 744 melius
808 701 969 744 referet
999 703 1127 743 matri
1159 703 1357 755 gratiam.
1611 715 1674 749 160

177 775 314 827 Quam
346 788 423 828 ego
455 788 577 817 meae
610 775 738 816 matri
770 774 908 816 refero
942 775 1256 824 inuitissumus,

177 847 345 902 [Neque
376 846 558 896 rettulit,
590 860 719 901 quam
754 860 831 899 ego
862 847 1001 888 refero
1033 860 1153 889 meae
1188 847 1315 888 matri
1347 845 1502 900 Fami]

177 919 286 962 Nam
317 918 394 960 illa
423 933 490 960 me
522 919 563 960 in
597 918 697 961 aluo
727 919 886 961 mensis
918 919 1107 971 gestauit
1139 918 1309 970 decemg

175 992 232 1034 At
262 1005 339 1046 ego
369 990 489 1032 illam
520 991 563 1032 in
596 990 696 1033 aluo
728 997 848 1044 gesto
881 991 981 1046 plus
1014 1005 1150 1033 annos
1186 990 1345 1033 decem.

177 1064 318 1117 Atque
349 1062 425 1104 illa
456 1076 635 1117 puerum
667 1077 734 1104 me
766 1064 956 1116 gestauit
987 1063 1229 1117 paruolum.
1611 1072 1672 1106 165

177 1134 270 1186 Quo
303 1135 442 1177 minus
473 1134 635 1176 laboris
667 1136 835 1195 cepisse
868 1134 987 1176 illam
1022 1135 1254 1185 existun103

177 1207 265 1261 Ego
297 1220 381 1249 non
415 1206 694 1261 pausillulam
725 1207 766 1248 in
799 1212 924 1248 utero
957 1214 1075 1259 gesto
1109 1207 1276 1258 famem,

176 1279 334 1322 Uerum
365 1278 511 1321 hercle
542 1278 680 1321 multo
715 1293 959 1320 maxumam
994 1286 1037 1320 et
1067 1280 1398 1331 grauissumam.

176 1350 299 1393 Uteri
331 1350 501 1393 dolores
534 1351 639 1392 mihi
671 1351 930 1393 oboriuntur
960 1351 1138 1396 cotidie:

175 1422 258 1466 Sed
289 1427 471 1465 matrem
503 1437 657 1478 parere
688 1437 854 1478 nequeo
887 1437 967 1464 nec
998 1423 1102 1477 quid
1134 1436 1259 1477 agam
1293 1423 1394 1465 scio.
1611 1433 1675 1466 170

176 1495 243 1537 Ita
273 1495 469 1538 auditaui
502 1509 630 1549 saepe
661 1495 745 1538 hoc
774 1495 905 1549 uolgo
939 1495 1087 1543 dicier,

177 1566 322 1610 Solere
354 1567 634 1622 elephantum
667 1567 893 1620 grauidam
927 1573 1156 1621 perpetuos
1190 1567 1335 1609 decem

176 1639 280 1681 Esse
311 1653 468 1691 annos;
501 1641 593 1681 eius
626 1653 677 1680 ex
708 1641 868 1681 semine
901 1639 1008 1680 haec
1042 1644 1160 1681 certo
1193 1644 1256 1681 est
1290 1639 1444 1690 fames3

175 1710 285 1753 Nam
315 1712 401 1753 iam
434 1711 676 1765 complures
709 1726 846 1753 annos
879 1717 1002 1753 utero
1035 1711 1186 1754 haeret
1220 1726 1326 1753 meo.

175 1783 297 1825 Nunc
328 1784 362 1825 si
394 1783 624 1826 ridiculum
656 1784 874 1826 hominem
906 1790 1087 1838 quaeret
1120 1784 1348 1838 quispiam,
1611 1795 1673 1827 175

176 1853 351 1897 Uenalis
384 1869 462 1910 ego
495 1871 589 1898 sum
622 1869 718 1897 cum
751 1857 1017 1898 ornamentis
1051 1855 1270 1906 omnibus;

177 1926 456 1969 Inanimentis
488 1928 807 1982 explementum
841 1929 1052 1983 quaerito.

178 1999 394 2042 Gelasimo
425 2014 577 2042 nomen
612 2001 716 2041 mihi
749 2001 906 2042 indidit
937 2014 1073 2053 paruo
1106 2005 1244 2053 pater.

179 2069 290 2120 Quia
319 2072 419 2114 inde
451 2086 476 2114 a
508 2072 694 2127 pausillo
728 2087 864 2127 puero
896 2071 1107 2114 ridiculus
1139 2071 1212 2112 fui.

177 2141 360 2197 Propter
390 2145 640 2198 pauperiem
675 2144 756 2186 hoc
787 2145 896 2186 adeo
929 2158 1083 2185 nomen
1115 2144 1299 2197 repperi,
1611 2154 1675 2187 180

291 2301 452 2338 Titulum
464 2313 530 2338 om.
546 2301 575 2336 C
645 2304 710 2338 158
731 2314 800 2347 ego
816 2313 881 2338 om.
896 2302 965 2337 BC
1034 2303 1202 2346 suspicor
1215 2301 1328 2336 fuisse
1343 2301 1377 2335 A
1451 2302 1515 2336 160
1528 2312 1594 2337 om.
1611 2301 1679 2336 BC

181 2359 242 2393 161
268 2359 377 2394 matri
401 2370 494 2394 meae
519 2358 587 2395 BC
726 2361 789 2394 162
814 2370 876 2394 om.
904 2360 938 2393 A
1081 2360 1145 2393 164
1169 2363 1371 2403 sequuntur
1395 2359 1554 2394 169—70
1575 2359 1614 2394 in
1640 2359 1673 2392 A

181 2416 245 2450 166
269 2415 369 2451 illam
395 2416 532 2461 copiast
555 2415 602 2460 B,
629 2416 728 2451 illam
756 2417 926 2460 caepisset
951 2415 979 2450 C
1085 2417 1148 2450 167
1173 2416 1221 2449 At
1247 2427 1317 2460 ego
1344 2414 1412 2450 BC
1516 2427 1614 2451 nunc
1641 2416 1672 2450 A

267 2473 506 2517 pauxillulam
530 2472 598 2508 BC
689 2478 817 2516 gestor
844 2484 962 2507 amem
987 2471 1054 2507 BC
1137 2473 1198 2507 169
1223 2472 1273 2508 Ut
1297 2474 1369 2508 teri
1395 2473 1586 2507 didolores
1607 2471 1677 2508 BC

269 2529 422 2565 cottidie
446 2529 483 2564 Β
604 2531 668 2564 170
693 2531 817 2564 nescio
844 2529 1031 2574 quomodo
1056 2527 1124 2564 BG
1245 2531 1305 2564 171
1333 2530 1394 2564 Ita
1418 2540 1484 2566 om.
1598 2530 1674 2564 Aut

179 2584 256 2620 diui
279 2585 326 2628 B,
352 2586 475 2622 audiui
502 2585 532 2621 G
627 2587 765 2631 uologo
790 2585 826 2621 Β
927 2585 1044 2620 dicier
1069 2586 1188 2620 solere
1213 2587 1247 2620 A
1350 2588 1415 2621 172
1440 2585 1613 2631 grauidas
1641 2586 1672 2619 A

180 2641 244 2677 1⁹73
266 2642 336 2678 hac
359 2643 428 2680 BC
552 2645 617 2678 175
642 2648 794 2687 quaerat
819 2643 852 2676 A
980 2643 1043 2677 177
1067 2643 1352 2688 exiplementum
1378 2643 1424 2687 B,
1451 2644 1506 2678 exi
1532 2643 1674 2688 supple-

181 2703 342 2734 mentum
371 2699 400 2735 Ο
491 2701 556 2735 179
577 2701 745 2744 proximo
766 2699 1004 2744 postponitur
1089 2699 1174 2734 inde
1199 2701 1271 2734 iam
1298 2713 1317 2735 a
1406 2700 1511 2744 pausi
1536 2700 1600 2734 illo
1626 2698 1672 2742 Β,

179 2755 283 2798 pau-i
308 2755 392 2790 illos
421 2756 450 2792 C
541 2757 606 2791 180
631 2763 848 2801 paupertem
875 2755 920 2798 B,
947 2761 1203 2801 paupertatem
1233 2756 1261 2792 O
1350 2757 1518 2801 repperei
1544 2756 1577 2790 Α
