2009 3218
338 175 418 213 314
1038 170 1159 204 Plauti
1497 170 1557 213 IV,
1584 171 1614 213 2,
1643 171 1818 204 102—116

906 295 1250 350 Sycophanta

338 367 445 408 Eum
469 366 540 408 alii
566 367 609 407 di
634 367 716 409 isse
742 367 797 409 ad
821 367 969 409 uillam
993 367 1143 409 aibant
1169 367 1306 408 seruis
1336 365 1635 420 depromptum
1661 365 1817 407 cibum.

337 438 501 480 Deinde
533 452 686 492 porro.
707 472 714 479 .

920 508 1229 551 Charmides

749 581 911 622 Deinde
944 595 1070 634 porro
1103 580 1200 622 nolo
1234 581 1461 634 quicquam
1494 580 1728 634 praedices.
1756 591 1823 625 945

907 674 1253 729 Sycophanta

339 746 469 788 Taceo
501 760 572 800 eqo
604 746 758 796 hercle,
791 747 826 788 si
858 750 922 787 est
952 746 1195 788 molestum.

923 824 1233 866 Charmides

1231 896 1340 938 Nam
1374 895 1576 949 pudicum
1609 896 1820 937 neminem

341 967 556 1020 Deputare
588 972 771 1021 oportet,
804 969 878 1022 qui
909 968 986 1009 abs
1017 972 1134 1008 terra
1166 967 1221 1008 ad
1254 967 1420 1009 caelum
1453 967 1710 1020 peruenerit.

911 1046 1257 1102 Sycophanta

346 1119 600 1162 Catamitum
639 1119 753 1160 haud
792 1124 833 1161 te
873 1119 985 1160 uelle
1024 1119 1166 1160 uideo.
1229 1118 1311 1160 Sed
1349 1125 1545 1159 monstra
1583 1117 1713 1159 hosce
1751 1117 1825 1159 ho-

1287 1190 1423 1230 mines
1456 1189 1570 1237 mihi,

340 1263 456 1314 Quos
489 1276 566 1316 ego
598 1275 772 1315 quaero,
804 1262 962 1316 quibus
995 1276 1060 1304 me
1092 1265 1261 1315 oportet-
1292 1261 1372 1302 has
1404 1260 1572 1302 deferre
1604 1259 1826 1313 epistulas.

925 1347 1243 1390 Charmides

341 1421 455 1471 Quid
487 1421 580 1463 ais?
613 1426 660 1462 tu
692 1435 805 1462 nunc
836 1421 869 1462 si
895 1420 1007 1463 forte
1033 1434 1209 1474 eumpse
1237 1418 1512 1461 Charmidem
1539 1418 1826 1471 conspexeris,

341 1493 469 1534 Illum
501 1507 630 1546 quem
662 1493 741 1534 tibi
771 1493 880 1534 istas
912 1493 1080 1534 dedisse
1112 1505 1406 1533 conmemoras
1438 1489 1661 1544 epistulas,
1763 1501 1826 1534 951

343 1565 524 1606 Norisne
557 1564 801 1607 hominem?

915 1634 1261 1690 Sycophanta

875 1706 937 1748 Ne
969 1712 1016 1749 tu
1049 1722 1114 1748 me
1147 1707 1298 1760 edepol
1330 1706 1543 1748 arbitrare
1576 1705 1758 1754 beluam,

345 1778 427 1828 Qui
458 1780 631 1831 quiden]
664 1793 749 1820 non
780 1780 955 1821 nouisse
989 1780 1158 1832 possim,
1191 1779 1363 1833 quicum
1389 1782 1578 1819 aetatem
1603 1777 1827 1828 exegerim.

345 1852 409 1891 An
442 1850 513 1892 ille
544 1857 631 1891 tam
661 1854 775 1892 esset
801 1851 972 1901 stultus,
1006 1851 1077 1904 qui
1109 1850 1211 1891 mihi
1246 1849 1359 1890 mille
1390 1861 1609 1890 nummum
1636 1847 1831 1889 crederet

346 1922 604 1976 Philippum,
638 1922 754 1975 quod
788 1936 851 1963 me
884 1936 1035 1963 aurum
1068 1922 1234 1963 deferre
1264 1921 1388 1962 iussit
1419 1920 1474 1961 ad
1505 1926 1681 1973 gnatum
1708 1933 1828 1960 suuni

346 1996 485 2048 Atque
518 1993 571 2035 ad
604 1995 788 2035 amicum
820 1993 1055 2045 Calliclem,
1089 1995 1190 2046 quoi
1223 2007 1311 2034 rem
1345 1992 1464 2034 aibat
1495 1992 1723 2033 mandasse
1761 1990 1831 2032 hic

1294 2064 1443 2106 suam?
1765 2073 1831 2107 956

345 2129 450 2178 Mihi
482 2138 770 2186 concrederet,
802 2138 845 2177 ni
877 2151 942 2179 me
974 2137 1046 2178 ille
1079 2141 1122 2178 et
1152 2151 1228 2190 ego
1260 2136 1380 2177 illum
1411 2148 1580 2177 nossem
1612 2134 1774 2188 probe?

929 2222 1248 2265 Charmides

347 2295 578 2337 Enimuero
611 2308 689 2348 ego
722 2309 834 2337 nunc
866 2295 1158 2349 sycophantae
1189 2293 1634 2348 huicsssycophantari
1667 2292 1778 2343 uolo,

459 2455 525 2487 944
550 2452 730 2486 Calliclise
750 2451 795 2495 B,
823 2452 972 2487 calliclis
1000 2451 1028 2486 C
1129 2451 1278 2486 aiebant
1381 2451 1446 2484 945
1474 2450 1608 2484 Maude
1710 2449 1776 2483 946
1801 2448 1832 2482 X

345 2509 375 2544 Ο
400 2509 521 2544 hercle
544 2509 588 2551 B,
615 2535 622 2542 .
638 2536 644 2543 .
662 2537 666 2541 .
684 2536 689 2541 .
708 2520 728 2542 o
755 2509 876 2543 hercle
901 2508 930 2543 0
996 2509 1024 2542 si
1052 2519 1090 2541 es
1116 2508 1294 2542 molestus
1364 2508 1429 2541 947
1456 2507 1522 2540 Pre
1548 2507 1590 2549 B,
1619 2533 1647 2541 ..
1665 2534 1694 2539 ..
1721 2516 1780 2540 ere
1807 2504 1834 2539 C

347 2567 413 2600 948
438 2566 470 2600 X
497 2566 564 2600 Mit
590 2571 653 2599 aut
679 2570 713 2598 te
727 2564 771 2606 B,
800 2566 932 2600 ...mit
957 2563 1062 2598 autC
1130 2563 1319 2598 mostraB
1390 2561 1597 2597 hominisB
1666 2563 1732 2596 949
1758 2561 1832 2595 Hos

348 2624 415 2657 950
439 2633 518 2656 eum
545 2622 665 2665 ipsum
741 2623 807 2655 952
832 2621 1039 2656 Nouerisne
1119 2621 1185 2654 953
1210 2619 1304 2663 Quid
1331 2619 1358 2654 C
1436 2621 1501 2654 954
1527 2620 1586 2653 ille
1612 2620 1662 2653 ita
1687 2623 1783 2653 esset
1807 2616 1835 2652 C

440 2689 606 2713 nummos
623 2678 651 2712 C'
733 2679 800 2711 955
825 2678 1052 2722 philippeum
1143 2676 1334 2720 adgnitum
1349 2675 1383 2709 B
1469 2677 1534 2710 956
1559 2675 1682 2710 aiebat
1767 2675 1832 2709 957

349 2747 457 2770 nosse
483 2735 618 2779 apr0be

1952 2954 1966 3035 ψ

1958 3053 2009 3218 ll
