2009 3218
353 191 433 230 348
1037 193 1157 229 Plauti
1591 197 1621 239 1,
1647 198 1678 240 2,
1704 198 1835 252 51565

352 313 487 364 Quom
521 319 564 357 et
592 315 656 357 illi
688 321 732 358 et
761 317 831 358 hic
862 332 1093 371 peruorsus
1125 334 1180 361 es.
1244 320 1326 362 Sed
1364 322 1574 364 utriscum
1611 336 1701 363 rem
1740 336 1834 365 esse

1300 392 1466 433 mauis?

930 470 1256 511 Diniarchus

348 537 622 581 Procaciores
654 541 759 582 estis
792 555 882 589 uos,
915 541 987 582 sed
1020 541 1082 582 illi
1115 543 1390 595 periuriores.

348 609 438 651 Illis
469 611 582 664 perit
613 612 819 665 quidquid
853 613 992 662 datur,
1026 627 1165 666 neque
1198 618 1296 666 post
1327 619 1511 667 apparet
1540 615 1790 668 quicquam3

348 680 436 723 Uos
468 682 622 724 saltem
654 684 690 725 si
721 684 822 738 quid
856 685 1079 738 quaeritis,
1113 684 1316 727 ecbibitis
1347 691 1390 727 et
1420 687 1632 728 comestis.

347 753 572 796 Postremo
605 755 667 796 illi
700 760 801 797 sunt
831 755 1012 810 inprobi,
1045 770 1123 797 uos
1153 769 1337 811 nequam
1369 761 1413 799 et
1443 757 1670 810 gloriosae.
1770 769 1833 803 155

930 835 1246 889 Astaphium

347 904 458 946 Male
490 919 600 959 quae
630 907 673 947 in
706 920 784 948 nos
818 907 937 957 dicis,
969 920 1020 948 ea
1052 908 1196 948 omnia.
1225 907 1304 949 tibi
1339 908 1458 956 dicis,
1491 908 1738 959 Diniarche,

345 976 401 1018 Et
433 982 627 1019 nostrum
660 983 703 1019 et
733 978 904 1020 illorum
934 980 1086 1020 uicem.

928 1059 1253 1100 Diniarchus

1127 1129 1210 1180 Qui
1241 1131 1380 1173 istuc?

924 1209 1246 1263 Astaphium

1418 1267 1645 1309 Rationem
1677 1267 1839 1311 dicam..
1968 1319 1970 1325 Ι

344 1338 456 1388 Quia
487 1339 560 1392 qui
591 1339 774 1380 alterum
802 1340 972 1381 incusat
996 1339 1155 1393 probri,
1187 1353 1231 1381 se
1257 1353 1434 1392 eumpse
1458 1339 1619 1380 intueri
1645 1344 1826 1393 oportet.
1966 1333 1970 1406 j

343 1410 406 1451 Tu
423 1410 602 1461 anobis,
620 1412 806 1464 sapiens.
832 1411 937 1452 nihil
955 1411 1102 1462 habes,
1128 1425 1205 1452 nos
1222 1424 1408 1465 nequam
1425 1410 1501 1452 abs
1518 1412 1594 1452 ted
1607 1410 1826 1454 habemus.
1966 1413 1969 1416 ’

924 1490 1250 1532 Diniarchus

341 1561 376 1602 Ο
411 1562 677 1615 Astaphium,
710 1563 824 1604 haud
855 1564 964 1605 istoc
995 1562 1120 1604 modo
1152 1562 1282 1604 solita
1307 1576 1353 1603 es
1380 1576 1444 1604 me
1471 1569 1572 1604 aute
1597 1562 1827 1616 adpellare,

341 1633 425 1675 Sed
450 1633 620 1681 blande,
654 1649 782 1689 quom
816 1635 930 1683 illuc,
963 1635 1078 1688 quod
1111 1634 1227 1688 apud
1259 1647 1336 1675 uos
1370 1648 1482 1675 nunc
1514 1639 1592 1685 est,
1624 1635 1739 1689 apud
1762 1648 1827 1677 me

1290 1705 1506 1747 haberem.
1766 1718 1841 1752 161*

927 1785 1244 1838 Astaphium

339 1859 450 1900 Dum
481 1859 604 1910 uiuit,
636 1858 852 1900 hominem
884 1858 1078 1909 noueris;
1111 1857 1184 1898 ubi
1215 1861 1440 1909 mortuust,
1474 1856 1682 1910 quiescat.
1958 1894 1961 1914 Α

340 1930 410 1982 Τ6,
444 1930 545 1972 dum
577 1930 771 1981 uiuebas,
803 1943 1024 1972 noueram.

922 2009 1249 2051 Εἶπαν-611113

1078 2082 1142 2122 An
1174 2094 1240 2122 me
1271 2083 1488 2122 mortuum
1519 2080 1760 2122 arbitrare?

924 2161 1241 2216 Astaphium

340 2232 420 2282 Qui
454 2233 579 2286 potis,
612 2233 780 2284 amabo,
812 2233 1015 2287 planius?
1077 2232 1158 2283 Qui
1191 2232 1377 2274 antehac
1409 2235 1577 2274 amator
1609 2245 1797 2273 summus

338 2304 524 2346 Habitus
557 2306 624 2353 sit,
657 2305 769 2346 hunc
801 2305 853 2346 ad
888 2306 1070 2346 amicam
1100 2305 1187 2346 iam
1218 2304 1510 2358 querimonias
1546 2303 1725 2345 deferre.
1761 2313 1823 2347 165

454 2431 511 2462 151
542 2429 614 2462 illic
686 2440 764 2463 esse
838 2430 900 2463 152
925 2428 1156 2462 Precatiores
1234 2427 1434 2471 periuriosi
1508 2428 1570 2461 153
1595 2437 1712 2470 neque
1736 2425 1822 2470 ipsis

338 2490 491 2530 apparet
584 2488 644 2518 154
671 2490 707 2518 et
731 2485 856 2519 bibitis
883 2491 919 2520 et
944 2486 1156 2520 commestis
1250 2486 1309 2518 155
1335 2495 1442 2527 quani
1525 2483 1678 2527 gloriosi
1764 2483 1824 2517 156

338 2542 504 2586 Maleque
533 2543 565 2575 iu
595 2553 659 2575 nos
689 2542 758 2574 illis
827 2542 1000 2576 (linai-che.
1072 2544 1133 2576 157
1159 2542 1243 2586 quia
1313 2541 1374 2574 158
1399 2540 1489 2582 Quia
1515 2542 1599 2584 quia
1669 2539 1822 2583 sumpsit

338 2600 485 2633 senitvri
574 2600 634 2632 159
661 2603 694 2629 to
720 2598 918 2631 habeamus
1007 2601 1070 2632 160
1095 2598 1306 2641 (Jstaphinm
1324 2598 1352 2631 0
1426 2602 1487 2631 aut
1568 2604 1622 2631 ost
1651 2596 1680 2631 Ο
1757 2607 1818 2637 ap·

337 2656 464 2700 pellari
554 2656 610 2687 161
642 2655 772 2688 liiande
859 2658 920 2688 162
948 2656 1041 2689 Dum
1064 2655 1098 2689 B
1182 2661 1346 2688 mortuus
1373 2660 1429 2688 est
1511 2655 1676 2698 quiescas
1757 2653 1820 2686 363

337 2723 494 2746 noui-ras
522 2712 547 2744 si
577 2716 614 2744 at
688 2712 748 2744 164
776 2712 871 2754 potis
894 2716 949 2745 ost
1020 2714 1082 2746 165
1107 2713 1135 2745 si
1159 2713 1275 2746 istunc
1289 2710 1333 2752 B,
1358 2717 1417 2744 est
1444 2712 1562 2744 istunc
1580 2709 1608 2744 C
1669 2710 1817 2743 111111οΜ-

454 2768 573 2802 uerius
601 2766 667 2809 (B:
693 2767 831 2809 uernis)
859 2769 1060 2802 uerimouia
1085 2769 1218 2803 referri·
1937 2714 1946 2960 1
