2009 3218
301 211 380 250 198
978 208 1101 244 Plauti
1547 211 1578 255 1,
1601 212 1632 254 2,
1655 212 1791 256 34—39

904 334 937 375 P
950 348 1062 388 amp
1074 334 1186 376 hila

298 405 515 448 Osculum.

926 484 1159 538 Antipho

584 554 662 598 Sat
692 560 758 598 est
788 556 925 599 osculi
955 556 1059 598 mihi
1090 558 1240 599 uostri.

899 658 1184 712 Pamphila

1280 731 1375 782 Qui,
1409 731 1576 783 amabo,
1607 733 1761 787 pater?

926 833 1163 887 Antipho

299 903 410 954 Quia
439 904 504 947 ita
533 918 655 947 meae
685 904 854 946 animae
886 905 1058 946 salsura
1087 905 1220 946 uenit.

899 1006 1193 1061 Paneyyris

1269 1079 1430 1121 Adside
1461 1079 1544 1130 hic,
1577 1083 1715 1134 pater.
1748 1091 1792 1125 95

929 1159 1051 1200 Anti
1099 1158 1162 1200 ho

299 1229 396 1271 Non
427 1230 556 1272 sedeo
587 1230 703 1282 istim
735 1244 815 1273 uos
847 1231 1013 1282 sedete3
1045 1174 1123 1284 eZo
1156 1231 1309 1273 sedero
1339 1231 1382 1272 in
1415 1229 1633 1273 subsellio.

906 1333 939 1374 P
949 1347 974 1374 a
984 1348 1025 1374 m
1038 1348 1064 1387 p
1075 1333 1190 1375 hila

300 1403 426 1446 Mane
457 1404 696 1459 puluinum.

926 1499 1048 1541 Anti
1101 1499 1165 1542 ho

607 1571 724 1613 Bene
755 1585 987 1626 procura&
1020 1515 1125 1613 thi
1155 1576 1223 1613 sat
1253 1573 1314 1614 sic
1343 1571 1500 1614 fult-um
1533 1575 1608 1613 est.
1670 1569 1792 1613 Sede.

906 1674 938 1715 P
950 1689 976 1716 a
985 1689 1025 1716 m
1037 1689 1064 1727 p
1074 1673 1102 1714 h
1113 1673 1149 1715 il
1162 1687 1188 1715 a

302 1743 415 1795 Sine,
447 1749 584 1798 pater.

928 1840 1164 1894 Antipho

504 1910 617 1962 Quid
650 1912 808 1967 opust?

902 2013 1185 2068 Pamphssa

707 2085 860 2140 Opust.

926 2188 1166 2241 Antipho

802 2260 968 2303 Morem
992 2259 1071 2301 tibi
1096 2273 1254 2312 geram.
1304 2259 1444 2313 Atque
1469 2258 1552 2300 hoe
1577 2261 1646 2300 est
1671 2258 1790 2299 satis.

912 2375 1187 2429 Pamphila

300 2447 545 2502 Numquam
569 2449 682 2490 enim
706 2449 834 2491 nimis
860 2462 1012 2491 curare
1039 2452 1223 2503 possunt
1253 2461 1379 2490 suum
1409 2451 1632 2502 parentem
1663 2445 1792 2488 filiae.

414 2607 459 2640 94
482 2605 566 2641 PIN
593 2605 622 2641 G
729 2605 856 2641 PANE
885 2606 914 2642 0
1029 2609 1085 2640 est
1109 2605 1199 2640 mihi
1225 2604 1341 2640 osculi
1369 2604 1397 2640 Ο
1503 2603 1588 2639 PIN
1614 2602 1644 2640 G
1750 2604 1793 2638 95

302 2662 466 2698 salsurae
554 2662 652 2698 PAN
677 2673 741 2698 om.
824 2664 868 2698 96
894 2661 1023 2697 PANE
1050 2661 1080 2697 0
1164 2661 1292 2697 sedere
1317 2661 1354 2695 in
1380 2661 1413 2694 A
1501 2662 1545 2696 97
1570 2659 1651 2695 PIN
1679 2659 1707 2696 Ο

301 2718 432 2754 ΡΑΝΕ
459 2718 490 2754 0
577 2720 666 2755 satis
754 2719 886 2754 fultust
910 2718 944 2753 A
1037 2719 1127 2753 mihi
1152 2717 1221 2754 BG
1303 2718 1347 2751 98
1370 2715 1462 2751 PIN.
1491 2716 1520 2752 Ο
1610 2727 1701 2761 opus
1727 2718 1792 2751 est.

304 2777 399 2812 PIN.
427 2788 520 2821 opus
545 2779 601 2812 est
627 2774 720 2820 003)
815 2777 903 2810 satis
930 2781 985 2810 est
1013 2775 1041 2810 C
1130 2777 1173 2810 99
1197 2774 1299 2809 PAM
1322 2783 1386 2809 om.
