2009 3218
797 209 837 243 V.
864 210 1054 244 211—240.
1594 211 1673 249 429

195 344 279 383 Non
325 342 425 379 belle
463 341 584 378 uteris
625 341 662 376 in
710 341 794 376 ioco
832 343 948 388 utque
987 341 1097 384 vino;
1143 338 1265 375 Tollis
1305 338 1425 374 lintea
1464 337 1672 386 neglegen—

193 407 372 451 tiorum“.
412 428 464 434 —
514 403 643 446 Domi
681 417 832 453 eccam,
879 406 926 443 cf.
961 406 1053 443 247.
1123 405 1262 442 Hiatus
1303 418 1418 442 causa
1450 405 1493 443 R.
1532 402 1668 451 „nain“

195 479 321 526 addin
352 476 486 515 Muell.
522 473 759 522 ‚,cccillmn“.
787 494 837 499 —-
872 476 962 512 228.
995 472 1266 526 3⁴eeln'yit(c!›·im
1296 477 1355 521 R..
1390 474 1435 510 ef.
1470 474 1552 510 Mil.
1580 474 1673 509 053.

194 567 247 574 —
277 542 368 592 Sin,
399 546 446 582 cf.
478 543 618 581 Pseud.
652 545 744 581 254.
776 562 830 567 —
863 544 956 580 229.
997 541 1102 580 w'lee'l
1133 554 1266 590 αηιακ,
1307 546 1329 580 i.
1363 557 1394 580 e.
1428 544 1588 580 frustra.
1622 560 1675 564 —

196 616 287 653 230.
332 613 429 660 Quia
473 625 513 650 se
558 625 726 649 amorem
767 611 868 648 nolle
907 611 1021 659 dixit,
1065 612 1361 662 Sophoclidisca
1401 610 1675 648 abstinentiam

194 683 274 721 eius
304 681 448 719 ironice
480 679 627 717 laudat.
691 677 877 728 temperi,
911 680 1052 729 inquit,
1085 681 1108 717 i.
1143 693 1174 717 e.
1207 681 1296 717 dum
1329 684 1483 728 tempus
1514 680 1593 722 est,
1627 676 1673 713 cf.

195 749 292 788 Rud.
325 750 428 796 909,
475 748 665 797 puerilem
696 748 809 786 istam
842 749 1002 786 formam
1036 752 1075 785 et
1105 751 1280 786 teneram
1308 751 1465 785 aetatem
1495 741 1676 794 uiye'lrarc

194 820 359 868 oportet,
391 818 415 854 i.
448 830 480 854 e.
512 829 660 853 summa
691 829 776 853 cum
808 829 900 853 cura
931 829 1099 864 servare,
1133 817 1180 853 cf.
1216 815 1330 865 Verg,
1359 815 1487 863 Gcorg
1510 814 1539 859 I,
1575 814 1673 850 313:

198 885 314 933 „Quae
344 884 544 933 vigilanda
576 882 739 930 viris‘?“,
789 897 838 921 ne
867 884 962 922 flore
994 885 1121 922 oetatis
1155 885 1307 932 amisso,
1340 883 1407 922 ubi
1439 895 1558 919 canus
1591 880 1676 917 fieri

195 955 385 1005 coeperis,
430 953 525 990 nihil
563 952 728 999 habeas,
776 966 853 1002 quo
892 953 1087 1003 peculium
1126 952 1198 990 tibi
1240 964 1442 1002 compares
1480 949 1528 987 ad
1559 949 1676 986 liber-

195 1024 314 1059 tatem
351 1020 550 1058 emendam
592 1020 801 1059 sufficiens
845 1022 961 1059 -Ilaec
991 1023 1086 1059 satis
1116 1021 1232 1072 plane
1264 1033 1450 1071 expressa
1480 1018 1677 1063 videntur,

196 1102 427 1140 quamquam
459 1089 503 1126 R.
536 1103 570 1127 v.
604 1090 681 1126 231
721 1087 934 1136 ‚,Serzcia.s“
977 1091 1105 1139 inquit
1138 1090 1227 1137 „vix
1258 1088 1458 1138 expedias:
1498 1098 1570 1136 pro
1601 1097 1678 1134 quo

195 1171 286 1196 num
315 1157 416 1196 forte
447 1156 616 1194 dormias
648 1158 835 1207 scriptum
868 1155 994 1196 fuit?“
1057 1157 1193 1196 Goetz.
1211 1158 1297 1194 Act.
1317 1156 1425 1206 Lips.
1443 1154 1495 1192 IV
1518 1168 1556 1205 p.
1577 1153 1676 1191 353:

200 1223 423 1273 „sordeas“.
511 1224 668 1276 Optime
714 1239 806 1263 vero
859 1226 904 1264 R.
951 1222 1248 1274 uorsicapz'llus
1301 1224 1541 1269 emendavit,
1586 1223 1611 1258 i.
1645 1233 1678 1258 e.

197 1295 303 1332 cuius
333 1294 463 1344 capilli
493 1293 532 1331 in
565 1307 702 1331 canum
734 1294 903 1331 colorem
935 1298 1149 1332 mutantur.
1181 1315 1236 1319 —-
1267 1295 1361 1331 232.
1401 1288 1607 1341 octoyz'nta
1639 1298 1680 1327 OS

195 1361 268 1400 hoc
298 1361 433 1400 ordine
464 1361 507 1399 R.
570 1362 688 1400 Plane
725 1376 889 1412 puerum
931 1377 1013 1402 esse
1052 1363 1147 1401 dicit
1189 1366 1228 1400 et
1266 1363 1382 1410 longe
1421 1375 1442 1398 a
1473 1360 1547 1397 viri
1578 1372 1677 1409 pon-

197 1429 286 1468 dere
316 1430 467 1478 abesse,
505 1433 551 1468 ut
581 1444 628 1467 ne
659 1430 826 1469 idoneus
858 1432 1015 1481 quidem
1048 1432 1182 1469 veneri
1213 1444 1296 1468 esse
1326 1430 1465 1480 possit.
1498 1447 1553 1453 -
1584 1436 1678 1465 con-

195 1494 378 1546 fidentia,
411 1498 457 1536 cf.
484 1498 567 1536 Mil.
598 1500 688 1536 191.
735 1499 823 1537 Ter.
848 1499 972 1537 Andr.
999 1501 1091 1538 876.
1125 1499 1227 1537 infra
1259 1498 1352 1536 284.
1384 1516 1439 1522 —
1472 1497 1565 1534 233.
1596 1488 1679 1532 Illa

197 1567 358 1616 primam
390 1567 567 1617 corripit.
622 1567 752 1605 Guiet.
780 1568 846 1605 R.:
883 1567 1053 1614 „Militia
1084 1565 1195 1606 illa“.
1219 1587 1274 1593 ——
1301 1567 1394 1605 234.
1427 1561 1564 1615 Atque
1595 1572 1681 1613 esso,

196 1635 219 1672 i.
249 1647 280 1672 e.
320 1647 391 1684 ego
429 1648 540 1683 vero,
588 1649 627 1673 se
666 1635 940 1686 reprehendit,
988 1650 1023 1674 v.
1058 1637 1108 1674 ad
1146 1635 1287 1686 Amph.
1330 1636 1422 1673 948.
1484 1631 1600 1670 Both.
1633 1630 1678 1668 R.

199 1700 315 1750 „At“,
347 1716 423 1753 quo
453 1716 530 1741 non
563 1717 672 1754 opus.
705 1724 760 1729 —
795 1710 945 1752 „nunc”
981 1705 1056 1742 del.
1088 1704 1204 1742 Both.
1238 1724 1294 1729 -
1335 1704 1427 1741 235.
1467 1697 1605 1751 Eryo,
1643 1712 1679 1737 v.

198 1770 246 1808 ad
274 1771 413 1821 Amph.
450 1773 540 1810 172.
574 1782 642 1810 ero
680 1772 768 1810 add.
810 1772 923 1810 Both.
963 1771 1169 1823 Scriptura
1207 1775 1338 1810 tamen
1377 1783 1515 1820 parum
1554 1770 1680 1814 certa3

197 1838 334 1878 Luchs.
352 1841 392 1877 in
419 1839 594 1879 Studem.
622 1841 732 1879 Stud.
760 1841 839 1891 Ip.
860 1842 931 1878 50:
968 1840 1071 1887 „Ero
1103 1853 1270 1890 quoque,
1302 1840 1378 1877 nisi
1410 1833 1524 1889 [iam]
1557 1834 1681 1883 scio“,

197 1920 267 1958 ego
303 1908 413 1946 olim:
463 1908 567 1956 „Ero
612 1910 735 1958 igitur
776 1907 957 1959 quoque“
1002 1913 1069 1946 aut
1113 1908 1258 1956 „Porro
1299 1921 1365 1946 ero
1397 1902 1595 1957 quoque“.
1626 1923 1682 1929 —

197 1972 283 2014 nisi
311 1974 415 2024 scio,
456 1977 482 2015 i.
514 1992 546 2015 e.
580 1979 654 2015 nisi
685 1978 898 2025 rescivero,
932 1977 979 2015 cf.
1015 1978 1107 2016 237.
1141 1975 1190 2014 ad
1220 1975 1337 2013 Most.
1374 1976 1465 2013 145.
1499 1994 1551 1999 ——
1586 1974 1679 2010 237.

198 2039 337 2091 Enim,
368 2057 403 2082 v·
431 2044 479 2082 ad
503 2045 587 2083 Mil.
612 2047 708 2083 431.
733 2065 787 2070 —
810 2042 1017 2092 uicissim,
1048 2050 1094 2084 ut
1124 2057 1195 2093 ego
1224 2044 1298 2082 tibi
1329 2044 1422 2090 dixi,
1456 2056 1533 2093 quo
1564 2043 1681 2087 irem3

199 2111 243 2150 R.
274 2116 376 2150 recte
407 2126 491 2151 cum
522 2114 776 2164 sequentibus
808 2116 947 2152 iunxit.
987 2134 1043 2139 —
1082 2114 1174 2152 238.
1222 2106 1511 2158 exterebrabis‚
1548 2111 1587 2147 vi
1617 2123 1681 2147 ex-

198 2181 412 2231 torquebis,
442 2185 487 2220 ut
517 2182 616 2221 Non.
649 2197 686 2233 p.
715 2184 764 2220 62
798 2187 895 2220 extr.
920 2202 976 2207 —
1009 2183 1054 2221 tu
1083 2196 1169 2220 cum
1200 2181 1452 2231 sequentibus
1482 2179 1600 2216 iunxi.
1630 2197 1683 2202 —

191 2245 313 2298 peior
342 2249 487 2288 Camer.
515 2270 564 2276 —
594 2251 775 2288 Ceterum
802 2255 906 2288 recte
936 2251 1038 2288 hunc
1068 2263 1223 2289 versum
1254 2249 1410 2298 Paegnio
1442 2247 1684 2285 continuavit

200 2317 259 2355 ed.
276 2331 348 2368 pr.,
380 2331 450 2356 nec
480 2320 582 2357 enim
613 2320 796 2357 mulieres
820 2332 890 2369 per
914 2319 1117 2356 Herculem
1148 2317 1344 2365 iurabant,
1378 2330 1414 2355 v.
1433 2316 1532 2354 Gell.
1550 2315 1618 2362 XI,
1645 2316 1681 2352 6.

199 2385 320 2436 Bugg.
352 2385 490 2425 Philol.
517 2387 631 2425 XXX
661 2401 699 2438 p.
729 2389 822 2426 646.
882 2387 987 2425 Male
1018 2387 1064 2425 R.
1097 2387 1246 2425 ancillae
1277 2385 1397 2433 dedit,
1430 2384 1532 2422 unde
1565 2384 1683 2420 etiam

200 2454 373 2504 proxima
409 2454 486 2493 duo
525 2457 684 2494 nomina
724 2456 823 2494 male
863 2457 1035 2494 inversa.
1066 2475 1122 2481 —
1159 2451 1279 2493 Mers
1318 2450 1427 2492 mala
1456 2453 1684 2502 frequenter

202 2521 248 2560 de
277 2522 515 2571 mulieribus,
547 2538 583 2562 v.
603 2524 652 2561 ad
667 2524 771 2562 Men.
793 2525 884 2562 745.
917 2543 973 2548 —
1005 2524 1099 2561 240.
1131 2523 1224 2570 Quae
1256 2537 1341 2561 voc.
1375 2530 1469 2572 erqo
1499 2523 1538 2558 in
1569 2520 1681 2558 codd.

200 2594 425 2640 sequuntur,
454 2592 572 2641 paulo
594 2595 686 2642 post
712 2588 807 2639 (241
828 2588 906 2642 sq.)
928 2594 982 2629 ita
1014 2595 1259 2642 repetuntur,
1291 2595 1337 2628 ut
1360 2590 1525 2628 alterum
1551 2593 1682 2626 utrum

201 2659 374 2709 spurium
404 2672 485 2697 esse
516 2664 727 2710 appareat3
760 2664 799 2697 et
829 2661 964 2710 priora
995 2660 1152 2709 quidem
1177 2659 1341 2697 delenda
1364 2671 1447 2696 esse
1470 2658 1532 2695 vel
1559 2661 1682 2694 struc-

202 2728 297 2764 turae
336 2727 465 2766 hiatus
503 2728 678 2766 ostendit
713 2727 776 2765 vel
807 2729 991 2766 vitiosum
1026 2727 1268 2775 ,‚edicerem“
1302 2742 1375 2779 pro
1410 2724 1681 2776 „eloquerer“.

204 2792 272 2831 His
301 2794 439 2833 deletis
468 2795 653 2835 Goetzius
683 2798 770 2835 Act.
804 2796 910 2845 Lips.
938 2796 988 2833 VI
1019 2810 1058 2847 p.
1085 2797 1165 2834 238
1197 2798 1343 2834 exitum
1376 2808 1511 2832 versus
1541 2794 1683 2844 probu-
