2009 3218
98 206 148 249 ῙῙ,
173 208 205 250 3,
229 208 353 247 78—4,
377 209 399 240 7
770 206 928 240 Rudene.
1506 211 1580 250 lll

96 332 298 383 Timidas,
331 333 510 387 egentis,
543 332 712 381 auidas,
745 333 922 382 eiectas,
954 334 1225 375 exanimatas

96 405 274 458 Accepit
305 404 361 446 ad
392 418 496 450 sese.
529 404 645 446 haud
677 417 800 445 secus
832 419 962 459 quam
995 406 1030 446 si
1063 419 1113 446 ex
1145 419 1190 447 se
1222 405 1354 446 simus
1386 408 1527 446 natae.

96 476 153 519 Ut
183 490 311 531 eapse
345 477 565 519 succincta
595 490 752 531 aquam
785 476 1029 527 calefactat,
1062 481 1110 517 ut
1141 477 1351 518 lauemus.

96 549 238 600 Nunc,
284 563 336 591 ne
369 562 514 591 morae
546 548 608 590 illi
640 549 740 594 sim,
787 554 930 602 petam
963 548 1064 590 hinc
1103 562 1281 603 aquam,
1329 548 1442 590 unde
1483 548 1587 590 mihi

1047 621 1291 675 imperauit.
1522 631 1588 666 409

99 693 227 744 Heus,
260 695 383 749 ecqui
415 694 458 736 in
492 693 672 736 uillast‘?
705 694 854 746 ecquis
885 692 967 735 hoc
991 693 1209 734 recludit‘.>
1242 694 1388 747 ecquis
1412 693 1587 748 prodit?

440 914 807 957 SCEPARNIO.
871 913 1243 957 AMPELISGA.

697 1029 985 1081 Sceparnio

98 1101 200 1153 Quis
231 1104 309 1150 est,
343 1102 415 1156 qui
447 1102 606 1145 nostris
638 1106 727 1144 tam
760 1106 960 1155 proterue
991 1100 1157 1143 foribus
1187 1100 1292 1144 facit
1322 1103 1551 1145 iniuriam?

685 1193 994 1245 Ampelisca

98 1266 189 1321 Ego
222 1280 329 1308 sum.

697 1338 986 1391 Sceparnio

290 1411 412 1461 Hem,
446 1411 548 1466 quid
581 1411 663 1453 hoc
696 1412 798 1454 boni
831 1413 925 1454 est?
986 1412 1050 1453 Eu
1082 1411 1238 1466 edepol
1268 1412 1412 1467 specie
1442 1412 1590 1467 lepida

1046 1483 1278 1526 mulierem.

689 1564 993 1616 Ampelisca

96 1635 238 1687 Salue,
270 1637 538 1680 adulescens.

695 1715 982 1769 Sceparnio

591 1789 648 1831 Et
679 1794 727 1831 tu
758 1789 941 1831 multum
973 1789 1156 1841 salueto‚
1187 1789 1528 1832 adulescentula.

689 1880 994 1933 Ampelisca

94 1953 160 1996 Ad
190 1968 270 1997 uos
301 1955 440 1998 uenio.

696 2026 985 2079 Sceparnio

489 2099 711 2154 Accipiam
743 2099 946 2153 hospitio,
978 2100 1014 2142 si
1045 2113 1144 2141 mox
1175 2099 1334 2141 uenies.
1411 2097 1589 2152 Uesperi

93 2169 255 2212 Iterum
273 2170 357 2212 huc
375 2170 546 2213 adfecta
566 2172 703 2222 uiam3
736 2185 849 2213 nunc
872 2171 981 2213 nihil
1008 2177 1075 2213 est
1101 2172 1174 2226 qui
1199 2175 1242 2213 te
1260 2185 1494 2214 munerem.
1519 2182 1587 2216 415

32 2235 37 2241 ⁶
98 2241 182 2284 Sed
213 2243 319 2297 quid
351 2243 429 2294 ais,
462 2257 558 2285 mea
589 2243 735 2297 lepida
765 2243 935 2285 hilara?

689 2339 987 2390 Ampelisca

993 2411 1070 2461 Ah,
1103 2399 1282 2454 nimiu'm
1313 2411 1586 2455 familiariter

96 2465 164 2509 Me
194 2471 417 2510 attrectas.

206 2628 274 2662 406
299 2629 430 2671 egente
456 2627 486 2662 is
591 2628 658 2661 407
683 2626 832 2671 Accipit
935 2629 975 2661 at
998 2625 1034 2660 B
1143 2629 1210 2662 408
1237 2639 1279 2662 ea
1304 2640 1369 2673 spe
1395 2629 1584 2663 succincta

95 2683 161 2718 409
184 2695 290 2718 mora
313 2683 348 2718 B
459 2686 526 2719 410
551 2683 649 2718 Heus
677 2685 802 2727 ecquis
828 2684 863 2717 in
974 2686 1040 2718 412
1065 2685 1197 2719 mulier
1313 2687 1380 2719 414
1406 2686 1507 2719 uenis
1533 2685 1576 2726 B,

98 2750 213 2775 uenus
239 2751 318 2776 cum
343 2741 476 2776 lacuna
492 2740 520 2775 C
572 2741 638 2774 415
664 2740 758 2774 Item
785 2744 827 2774 ut
847 2740 1029 2775 adfectam
1049 2753 1134 2776 nam
1154 2754 1253 2777 nunc
1274 2742 1364 2776 nihil
1388 2746 1444 2777 est
1465 2742 1527 2786 qui
1549 2747 1584 2775 te

97 2807 256 2837 manem;
282 2802 366 2842 post
390 2809 467 2842 quoe
491 2798 659 2832 lacunam
679 2797 820 2832 indicat
836 2796 865 2832 G
930 2799 997 2832 416
1022 2798 1196 2833 ahanimfi
1266 2800 1333 2832 417
1357 2798 1543 2833 adtractus
1560 2797 1590 2832 0
