2009 3218
364 228 445 266 278
1065 221 1191 256 Plauti
1598 222 1646 264 ΙΙ,
1672 225 1703 265 4,
1729 224 1838 258 5.,..19

968 347 1231 389 Stasimus

365 418 624 469 Comessum,
657 423 870 473 expotum,
904 423 1144 470 exunctum‚
1179 418 1344 460 elutum
1375 419 1416 459 in
1449 418 1652 471 balineis3

362 491 570 542 Piscator,
602 491 738 544 pistor
770 490 965 542 abstulit,
996 490 1114 541 lanii,
1147 490 1286 549 coqui,

364 562 596 612 Holitores,
628 562 890 617 myropolae‚
923 576 1126 616 aucupes.
1188 560 1329 603 Confit
1361 561 1470 612 cito3

362 634 459 676 Non
490 633 635 675 hercle
667 635 807 674 minus
840 633 1010 675 diuorse
1042 632 1301 674 distrahitur
1331 633 1427 683 cito,
1561 626 1563 628 ’
1775 644 1842 678 410

365 705 501 756 Quam
533 707 570 747 si
599 710 647 747 tu
679 705 841 747 obicias
873 704 1060 747 formicis
1092 718 1368 759 papauerem.

930 799 1266 841 Lesbonicus

363 872 506 914 Minus
537 870 680 913 hercle
711 872 755 913 in
785 871 882 913 istis
912 871 1041 913 rebus
1073 875 1292 925 sumptum
1325 875 1391 913 est
1421 870 1664 926 sex-minis.

967 965 1231 1007 Stasimus

365 1037 476 1089 Quid
507 1037 623 1092 quod
655 1038 813 1080 dedisti
844 1037 1026 1080 scortis?

934 1132 966 1173 L
978 1147 1000 1174 e
1011 1147 1030 1173 s
1041 1132 1067 1173 b
1079 1146 1102 1174 o
1113 1146 1139 1172 n
1153 1132 1198 1172 ic
1208 1146 1235 1173 u
1247 1147 1265 1173 s

1085 1203 1251 1245 Ibidem
1282 1216 1370 1244 una
1399 1202 1538 1245 traho.

974 1295 1000 1337 S
1013 1295 1168 1338 tasim
1180 1309 1206 1335 u
1219 1308 1237 1335 s

365 1366 476 1417 Quid
508 1367 626 1421 quod
656 1380 734 1421 ego
766 1366 1052 1409 defraudaui?

935 1458 967 1499 L
981 1472 1002 1499 e
1015 1473 1032 1499 s
1045 1458 1069 1499 b
1081 1472 1104 1500 o
1117 1472 1140 1498 n
1153 1458 1164 1498 i
1176 1471 1232 1498 ou
1246 1472 1265 1498 s

1104 1529 1180 1570 Em
1212 1529 1298 1571 ista
1327 1529 1440 1571 ratio
1470 1542 1673 1571 maxuma
1703 1532 1783 1571 est.

968 1620 1231 1662 Stasimus

362 1691 459 1734 Non
489 1691 569 1733 tibi
599 1692 707 1734 illud
739 1692 962 1746 adparere,
995 1693 1030 1734 si
1063 1705 1221 1742 sumas,
1254 1695 1410 1745 potest,
1775 1701 1843 1736 415
1918 1736 1926 1741 ,
1987 1702 1990 1755 j

362 1765 455 1806 Nisi
484 1768 532 1806 tu
563 1764 790 1807 inmortale
821 1778 914 1806 rere
946 1778 1039 1806 esse
1071 1767 1297 1818 argentum
1329 1763 1421 1804 tibi.

1009 1855 1189 1897 Philto

363 1929 466 1970 Sero
497 1931 628 1982 atque
661 1928 804 1979 stulte,
836 1928 956 1982 prius
989 1927 1103 1982 quod
1134 1930 1307 1968 cautum
1339 1927 1543 1980 oportuit,

362 1998 596 2053 Postquam
628 1999 814 2041 comedit
844 2014 948 2049 rem,
981 2003 1081 2053 post
1110 1999 1320 2041 rationem
1353 2002 1489 2052 putat.

929 2091 962 2132 L
974 2105 994 2132 e
1008 2106 1026 2132 s
1038 2091 1062 2131 b
1077 2104 1100 2130 o
1111 2091 1158 2131 ni
1172 2104 1192 2130 c
1206 2105 1230 2131 u
1246 2104 1264 2131 s

358 2161 642 2216 Nequaquam
673 2163 840 2216 argenti
870 2163 980 2205 ratio
1013 2166 1220 2216 conparet
1250 2165 1405 2204 tamen.

963 2253 1235 2295 Stasimus

359 2324 486 2366 Ratio
519 2324 693 2378 quidem
723 2324 866 2366 hercle
897 2325 1102 2379 adparet;
1134 2328 1359 2378 argentum
1391 2318 1550 2374 οἴχεται.
1771 2333 1837 2368 420

358 2396 499 2437 Minas
532 2396 822 2450 quadraginta
853 2397 1060 2451 accepisti
1091 2410 1116 2438 a
1146 2395 1336 2446 Callicle,

359 2467 414 2509 Et
444 2467 516 2509 ille
547 2467 665 2510 aedis
697 2469 926 2522 mancupio
959 2468 1036 2510 abs
1066 2472 1110 2510 te
1142 2467 1336 2521 accepit?

470 2627 536 2659 407
562 2629 709 2660 exutum
735 2626 807 2669 BG,
834 2637 1000 2661 exussum
1026 2627 1062 2660 A
1188 2626 1325 2660 elotum
1350 2625 1418 2660 BC
1555 2627 1621 2661 409
1646 2625 1833 2671 miropoloe

356 2685 427 2717 410
451 2693 516 2718 om.
541 2682 608 2716 BG
682 2684 749 2716 412
774 2683 980 2727 sumptunsi
1005 2682 1072 2718 BG
1136 2683 1230 2716 imns
1258 2681 1286 2716 C
1358 2683 1424 2716 414
1450 2682 1542 2716 Hem
1568 2681 1597 2717 Ο
1662 2683 1776 2717 istaec
1798 2681 1832 2717 Δ

357 2741 424 2774 420
448 2742 603 2783 apparet
628 2739 722 2781 ercle
747 2739 782 2772 A
853 2740 1017 2774 oechetae
1042 2738 1110 2774 BC
1176 2740 1240 2773 421
1267 2738 1493 2782 accepistine
1514 2738 1546 2772 A
1617 2740 1684 2774 422
1707 2739 1772 2774 abs
1795 2741 1833 2773 te

357 2797 538 2840 mancipio
565 2795 710 2839 accepit
734 2795 799 2828 BG
