2009 3218
341 204 422 243 432
1019 198 1138 234 Persa.

339 325 547 372 domitos“,
580 341 691 377 quem
725 341 878 377 sequor,
910 330 984 365 nisi
1015 328 1117 377 quod
1150 323 1274 365 boues
1304 328 1448 365 retinui
1478 330 1523 364 ut
1550 327 1628 364 258
1660 329 1699 363 et
1725 327 1818 372 261,

340 396 442 446 quod
473 397 505 433 si
536 396 621 445 quis
652 396 959 444 monosyllabum
991 397 1124 442 faciat,
1164 399 1241 433 iam
1278 408 1357 432 non
1388 395 1595 432 admodum
1625 406 1816 444 repugno,

340 468 383 501 ut
413 464 565 512 Proleg.
597 476 634 512 p.
669 464 761 501 214.
836 463 980 501 Servili
1010 466 1139 501 autem
1182 476 1286 501 more
1324 476 1395 512 pro
1435 464 1623 508 nummis,
1678 462 1820 512 quibus

339 532 458 568 boves
482 531 633 568 emendi
657 534 783 577 erant,
814 531 931 569 boves
956 531 1063 574 dicit,
1096 531 1141 568 cf.
1160 531 1262 567 infra
1281 531 1372 567 316.
1406 529 1514 567 Asin.
1536 531 1626 568 583.
1649 549 1697 563 -—
1726 531 1819 567 265.

342 595 564 646 triparcos,
597 598 642 635 cf.
677 599 726 636 ad
757 599 844 636 Aul.
879 600 970 636 317.
1003 617 1056 622 —
1092 595 1314 645 „homines“
1349 611 1422 634 om.
1455 597 1591 644 Both.;
1639 593 1820 646 Seyffert.

342 667 452 705 Stud.
485 680 522 716 p.
551 667 572 703 6
606 666 742 703 maluit
786 666 924 713 „ardos
963 662 1122 703 ειιιίᾱοεκ
1156 665 1296 714 legere.
1339 686 1394 690 -—
1433 666 1524 702 266.
1570 662 1822 713 admordere,

342 748 377 772 v.
419 734 465 770 ad
507 734 595 771 Aul.
637 738 732 771 extr.
780 755 834 759 -
878 730 1057 771 salinum
1097 743 1188 770 cum
1231 730 1336 776 sale,
1385 734 1430 770 cf.
1471 733 1520 770 ad
1558 733 1661 770 Men.
1704 735 1822 771 1017.

343 802 485 848 Salem,
517 815 596 839 rem
622 806 660 839 et
682 803 793 852 parvi
820 803 937 851 pretii
960 805 1000 837 et
1022 801 1177 838 omnino
1203 803 1473 847 necessarium,
1507 803 1614 839 avari
1636 801 1823 848 homines,

342 884 388 907 ne
425 870 527 907 servi
568 870 654 919 plus
694 870 795 907 iusto
839 872 1020 914 utantur,
1068 868 1256 906 claudunt
1293 873 1330 906 et
1368 869 1586 919 obsignant.
1634 889 1681 895 —
1731 871 1824 907 267.

351 934 581 984 UirtustR3
613 938 660 974 de
685 950 760 987 quo
792 938 874 975 sine
905 950 1021 974 causa
1052 935 1206 973 dubitat
1236 936 1460 983 Buecheler,
1493 937 1580 974 Lat.
1598 937 1705 975 Decl.
1729 951 1767 987 p.
1790 939 1824 984 5,

342 1020 378 1044 v.
410 1006 589 1043 Mueller.
631 1005 794 1043 Prosod.
833 1019 872 1054 p.
907 1006 997 1042 366.
1031 1025 1084 1029 —
1124 1001 1342 1053 dispicere,
1389 1007 1584 1055 reputare.
1634 1024 1681 1030 —
1731 1006 1823 1043 268.

345 1070 524 1123 iw'tpinyz'
552 1074 597 1111 A.
638 1092 687 1098 —
728 1069 919 1121 ucepulem
951 1072 1010 1110 ed.
1042 1086 1102 1122 pr.
1137 1092 1183 1098 ——
1205 1074 1313 1110 270.
1336 1073 1438 1121 pote
1468 1073 1512 1109 R.
1572 1073 1648 1111 Sed
1679 1073 1742 1110 vel
1772 1073 1826 1111 sic

344 1155 481 1179 versus
519 1143 622 1178 iusto
660 1141 835 1189 longi01-;
883 1141 1010 1177 delevi
1041 1154 1180 1178 nomen
1211 1142 1437 1190 proprium3
1484 1140 1528 1178 R.
1571 1141 1663 1189 „sed
1693 1154 1824 1178 eccum

342 1224 506 1259 puerum
539 1206 707 1246 Toxili‘⁴.
739 1229 793 1232 —
825 1204 936 1257 quin,
970 1209 1016 1245 cf.
1050 1208 1098 1245 ad
1130 1208 1213 1247 Mil.
1250 1209 1367 1245 1187.

458 1279 550 1315 271.
582 1275 702 1315 Novae
732 1289 854 1314 scenae
883 1276 1042 1313 titulum
1073 1277 1218 1314 habent
1242 1277 1276 1313 A
1300 1277 1343 1314 B.
1403 1277 1557 1326 Incipit,
1590 1279 1633 1313 ut
1655 1276 1825 1324 videtur,

344 1346 392 1384 ab
407 1345 574 1382 iambico
590 1345 802 1391 octonario,
829 1345 1006 1393 sequitur
1027 1344 1247 1382 trochaicus
1272 1346 1506 1392 octonarius,
1532 1348 1613 1382 tum
1634 1344 1823 1381 273—76

341 1413 528 1452 trochaici
559 1413 782 1462 septenarii,
825 1414 903 1450 277
937 1412 1124 1450 iambicus
1156 1413 1401 1459 octonarius,
1443 1413 1521 1449 278
1553 1425 1638 1462 sqq.
1670 1412 1827 1449 iambici

344 1482 566 1532 septenarii.

459 1550 552 1587 271.
585 1546 749 1586 domum
771 1558 952 1597 propero
984 1549 1016 1585 A
1047 1552 1148 1585 teste
1172 1548 1295 1599 Gepp.
1324 1548 1434 1586 Stud.
1462 1548 1500 1585 II
1524 1562 1562 1598 p.
1590 1549 1654 1585 81.
1702 1546 1828 1593 Quum

344 1618 406 1655 hic
436 1630 571 1654 versus
601 1619 767 1666 propter
804 1616 1090 1664 longitudinem
1128 1617 1167 1653 in
1206 1616 1303 1653 duos
1341 1616 1573 1654 dividendus
1612 1619 1733 1662 esset,
1780 1615 1827 1652 li-

346 1686 499 1723 brarius
544 1685 629 1722 cod.
667 1685 702 1722 A
748 1688 960 1722 extremam
1005 1687 1156 1734 partem
1211 1685 1327 1721 etiam
1381 1685 1420 1722 in
1464 1697 1603 1722 novam
1647 1684 1830 1733 paginam

349 1753 571 1801 transtulit,
610 1768 645 1791 v.
678 1752 825 1790 Ritsch.
860 1752 967 1802 praef.
999 1765 1037 1802 p.
1069 1752 1172 1789 VIII.
1247 1752 1323 1790 Sed
1362 1754 1455 1802 quia
1492 1752 1684 1789 octonarii
1721 1764 1838 1789 men-—

347 1836 477 1860 suram
523 1824 702 1872 superat,
748 1822 832 1858 veri
877 1821 1000 1857 simile
1046 1824 1106 1857 est
1152 1833 1230 1858 non
1275 1820 1384 1858 nulla
1430 1820 1566 1858 addita
1612 1833 1708 1858 esse.
1783 1819 1830 1857 R.

348 1891 505 1927 delebat
547 1902 698 1937 „meum
739 1888 845 1938 quod
883 1886 1097 1936 datumst“,
1136 1901 1208 1938 ego
1251 1890 1350 1935 „etsi
1381 1885 1610 1938 properas“.
1642 1908 1696 1912 —
1736 1888 1829 1925 272.

348 1958 564 1996 Verborum
602 1957 778 1995 ordinem
817 1960 953 1994 contra
983 1957 1028 1995 R.
1061 1960 1195 1994 tuetur
1225 1956 1404 2007 Spengel.
1437 1957 1632 1995 Reformv.
1663 1969 1703 2006 p.
1739 1956 1829 1994 187.

347 2027 408 2064 Ad
449 2026 683 2063 sententiam
730 2025 776 2062 cf.
817 2025 924 2062 Trin.
967 2026 1085 2063 1061.
1154 2025 1254 2062 Rud.
1298 2026 1361 2062 98.
1431 2024 1595 2063 Theocr.
1640 2025 1709 2068 15,
1757 2024 1829 2061 90:

350 2096 556 2142 πασάμενος
586 2096 767 2130 ἐπίτασσε.
790 2113 845 2118 -—
878 2094 970 2130 273.
1003 2090 1060 2130 mi
1091 2093 1179 2130 add.
1207 2093 1399 2142 Mueller.,
1434 2090 1555 2142 ‚‚ego“
1583 2092 1628 2129 R.
1654 2111 1702 2117 -
1738 2092 1831 2129 274.

352 2163 485 2200 tamen
516 2163 560 2199 A.
622 2159 684 2200 Sic
715 2162 860 2208 tamen,
894 2162 1070 2211 quamvis
1101 2160 1199 2199 nihil
1225 2160 1400 2208 debeam,
1434 2175 1470 2198 v.
1497 2161 1547 2198 ad
1569 2160 1710 2198 Pseud.
1738 2160 1830 2198 389.

351 2230 461 2268 Ovid.
494 2230 589 2266 Met.
621 2229 736 2277 XIII,
778 2230 869 2267 243.
915 2250 970 2254 —
1015 2227 1158 2277 etiam,
1198 2229 1243 2267 cf.
1282 2230 1371 2266 153.
1411 2248 1453 2254 -
1511 2230 1602 2267 275.
1643 2228 1684 2267 Si
1716 2230 1831 2266 aetate

349 2300 473 2337 maior
503 2311 623 2335 essem
654 2297 882 2347 viribusque
912 2298 999 2347 plus
1024 2298 1207 2345 valerem,
1242 2297 1314 2334 hoc
1340 2311 1418 2335 non
1444 2298 1601 2348 impune
1624 2297 1759 2334 ferres.
1778 2315 1829 2321 -

353 2368 542 2404 276—77
583 2367 752 2415 quinque
782 2366 958 2403 versibus
989 2366 1213 2403 scribuntur
1242 2367 1283 2403 in
1319 2365 1367 2414 A,
1406 2379 1442 2403 v.
1474 2366 1541 2413 R.,
1583 2365 1686 2416 apud
1718 2377 1830 2415 quem

353 2448 434 2472 voc.
468 2432 635 2483 inquam
664 2434 814 2470 incuria
845 2432 1000 2471 excidit.
1033 2453 1088 2458 —
1120 2429 1225 2471 dicis
1254 2435 1301 2471 A.
1333 2453 1388 2458 —
1416 2430 1642 2481 monim-iba,
1675 2434 1741 2483 qui
1770 2432 1829 2470 ul-

352 2515 457 2540 meas
487 2503 616 2551 virgas
655 2503 766 2550 tergo
804 2514 876 2539 suo
909 2503 1076 2539 conterit
1107 2505 1148 2539 et
1179 2500 1345 2539 conficit.
1408 2501 1452 2538 tu
1482 2502 1642 2540 additur
1670 2505 1715 2538 ut
1745 2500 1829 2538 Cas.

357 2572 449 2609 616.
494 2569 554 2607 Ps.
589 2570 688 2606 219:
731 2573 910 2616 „excetra
939 2566 1024 2607 tu“.
1059 2588 1107 2594 —-
1151 2570 1242 2607 278.
1284 2569 1482 2617 Paegnium
1525 2567 1664 2618 „Tibi“
1704 2568 1833 2618 inquit

358 2639 448 2687 „qui
486 2638 594 2687 prior
631 2636 703 2674 hoc
733 2637 877 2685 fecisti,
923 2637 996 2674 hoc
1025 2637 1256 2688 patiendum
1288 2635 1385 2675 est“.
1424 2657 1479 2662 ——
1525 2639 1616 2675 279.
1663 2633 1758 2675 med
1785 2635 1830 2673 R.

355 2705 500 2753 Herus,
532 2705 677 2754 inquit,
708 2718 826 2753 quum
859 2719 917 2742 me
948 2705 1127 2743 servilem
1159 2718 1316 2755 operam
1347 2705 1472 2742 facere
1503 2705 1673 2753 iuberet,
1703 2708 1832 2742 tamen

354 2772 476 2810 libere
507 2773 614 2822 loqui
645 2773 835 2821 permisit.
897 2773 957 2810 Ad
988 2773 1281 2811 Atheniensium
1313 2787 1473 2821 morem,
1504 2787 1539 2812 v.
1568 2767 1703 2823 [Xen.]
1735 2771 1829 2821 Rep.
