2009 3218
717 208 759 242 v.
783 210 972 242 637—694.
1516 210 1597 250 487

127 342 211 381 178.
242 341 356 378 1327.
398 338 482 377 Mil.
501 339 578 375 293
599 351 682 375 cum
709 351 795 374 ann.
817 356 864 361 —-
887 338 977 373 666.
1010 334 1215 374 consolari
1241 337 1328 374 edd.
1353 337 1415 374 hic
1438 342 1476 374 et
1502 339 1593 375 672.

124 428 169 436 -
203 409 293 446 668.
324 402 509 455 res-pexis
539 405 626 442 edd.
662 424 709 430 —
753 406 844 441 670.
885 415 947 441 ‘me
977 401 1092 448 uide,
1131 406 1222 442 mihi
1257 404 1425 449 confide,
1466 406 1513 441 cf.
1547 406 1595 442 ad

121 476 226 515 Asin.
261 476 351 512 144.
389 494 439 500 --
484 475 575 511 671.
624 473 711 517 Uis,
754 474 901 522 inquit,
940 485 1023 522 quae
1066 486 1123 509 me
1155 473 1279 521 adigit
1309 478 1353 509 ut
1385 475 1467 522 ipsa
1500 474 1618 510 mihi*

120 545 194 582 vim
223 542 390 581 afferam.
452 542 510 579 Fl.
545 556 590 578 ex
622 541 784 578 Meursii
817 542 937 577 coui.:
989 540 1093 586 ,‚TR.
1126 540 1230 585 Quae
1263 542 1351 576 uis?
1394 540 1471 578 PA.
1504 541 1591 579 Uim

119 612 208 650 mihi
237 611 362 660 adigit
393 610 562 648 adferam
596 610 717 658 ipsa“.

227 679 304 717 672
336 691 420 728 sqq.
453 678 609 715 iambici
641 678 864 726 septenarii.
894 672 1064 726 —52673
1092 673 1296 724 praesidi.
1328 676 1386 713 Fl.
1414 697 1465 702 —-
1499 680 1590 716 674.

116 756 231 799 quam
270 747 412 784 omisso
458 744 654 795 ,‚potius“‚
703 759 736 782 v.
776 746 824 782 ad
874 745 1012 782 Bacch.
1055 746 1146 782 616.
1210 745 1296 781 add.
1339 744 1454 782 Poen.
1498 747 1589 783 746.

118 815 308 854 Lacunam
340 827 411 865 per
442 818 630 864 quattuor
661 827 796 850 versus
828 814 1088 864 pertinentem
1130 813 1303 862 explevit
1333 815 1589 850 Camerarius.

115 883 149 921 Is
177 883 215 920 in
247 883 372 919 altero
402 895 518 919 versu
546 882 635 928 „ubi
667 881 816 927 uenit“,
851 883 888 918 in
920 883 1039 919 tertio
1070 880 1205 928 „etsi“,
1239 883 1278 917 in
1310 886 1449 930 quarto
1487 883 1590 927 „ani-

114 949 216 989 mus“
250 951 424 999 scripsit3
456 963 525 987 nos
557 935 868 987 Fleckeisenium
901 951 1024 987 secuti
1055 963 1199 986 sumus.
1231 968 1286 973 —-
1326 949 1417 986 677.
1462 946 1588 995 Nam,

114 1032 148 1058 v.
171 1019 218 1056 ad
242 1019 381 1068 Amph.
412 1019 502 1056 548.
535 1038 589 1042 —
621 1020 712 1056 678.
747 1015 931 1056 adsidite
962 1018 1049 1055 edd.
1083 1037 1136 1042 —
1167 1015 1293 1055 istaec
1324 1017 1442 1063 Cam,
1477 1019 1590 1067 eique

114 1087 242 1126 deberi
281 1086 394 1124 credo
435 1087 540 1136 quod
578 1089 616 1123 in
650 1087 678 1123 B
711 1089 813 1123 inter
848 1085 968 1133 .,ista“
1005 1090 1043 1123 et
1077 1085 1192 1133 „ara“
1229 1086 1252 1122 h
1284 1087 1588 1135 superscriptum

113 1159 179 1194 est.
210 1174 264 1180 —
294 1156 387 1193 679.
411 1151 511 1203 plus
542 1154 628 1192 add.
665 1155 766 1199 edd..
801 1155 847 1191 cf.
882 1155 1011 1192 Madv.
1045 1154 1122 1192 Cic.
1154 1153 1239 1191 Fin.
1273 1154 1331 1191 ed.
1368 1155 1389 1191 3
1422 1168 1459 1204 p.
1494 1155 1586 1192 770.

111 1243 164 1250 —
193 1225 284 1262 680.
323 1223 379 1260 De
411 1225 551 1260 omisso
584 1223 701 1260 verbo
733 1223 977 1260 substantivo
1010 1224 1054 1260 cf.
1091 1224 1182 1260 368.
1215 1242 1267 1246 —
1309 1223 1400 1260 681.
1441 1222 1586 1269 tam-eu,

112 1292 282 1343 quamvis
327 1305 394 1329 vos
443 1292 663 1338 adoriatur,
720 1292 767 1328 cf.
808 1291 856 1328 ad
902 1292 1042 1341 Amph.
1092 1292 1184 1329 538.
1241 1310 1287 1316 —
1347 1292 1439 1328 682.
1492 1287 1588 1328 haec

111 1359 195 1412 add.
225 1359 330 1397 Reiz.
369 1379 422 1385 —
463 1360 555 1397 683.
601 1356 786 1397 malitiae
825 1360 967 1398 contra
1006 1356 1211 1406 incedam,
1257 1359 1303 1396 cf.
1337 1358 1448 1410 Capt.
1483 1361 1585 1397 6582·

112 1429 224 1477 „mihi
255 1431 390 1466 contra·
422 1425 617 1465 adstitit&
678 1427 766 1465 Tac.
795 1428 896 1465 Ann.
922 1427 988 1474 XI,
1028 1430 1094 1466 1οε
1134 1429 1253 1475 „huic
1277 1431 1414 1465 contra
1444 1425 1584 1465 itum“.

107 1495 206 1543 xlv,
238 1497 302 1534 45.
334 1516 389 1521 —
428 1497 522 1534 686.
554 1493 824 1542 custodelam,
866 1497 979 1534 Grut.
1013 1498 1060 1534 cf.
1095 1498 1187 1534 614.
1219 1516 1274 1521 -
1307 1498 1499 1535 688-90
1530 1498 1584 1534 Ja—

40 1580 46 1584 ·
109 1577 220 1602 cunas
251 1565 420 1614 explevit
451 1564 718 1611 Camerarius,
765 1566 838 1602 nisi
877 1564 980 1614 quod
1019 1565 1058 1602 in
1088 1565 1212 1602 altero
1249 1564 1471 1612 ,‚Patiare“,
1503 1565 1584 1603 Fl.:

113 1630 283 1681 „Sinas“.
316 1652 369 1658 —
409 1634 501 1670 689.
543 1629 717 1681 elautae,
761 1634 806 1671 cf.
842 1634 934 1671 526.
966 1653 1020 1659 —
1058 1634 1200 1680 noctu,
1235 1636 1258 1671 i.
1292 1648 1323 1672 e.
1358 1634 1427 1671 hac
1460 1638 1584 1681 nocte,

42 1686 46 1691 .
109 1700 153 1738 cf.
179 1702 268 1739 890.
296 1721 343 1728 —-
373 1702 465 1739 691.
498 1701 542 1738 tu
572 1701 660 1738 add.
688 1701 791 1740 Cam.
818 1722 872 1727 —
903 1698 1120 1751 arbitrare,
1154 1703 1200 1740 de
1231 1703 1443 1740 indicativo
1473 1716 1510 1739 v.
1537 1702 1585 1740 ad

108 1769 244 1819 Amph.
280 1771 368 1807 167.
401 1790 456 1794 —
487 1770 580 1808 692.
612 1766 706 1819 Eyo
738 1771 882 1816 addidi,
915 1772 1006 1820 quia
1037 1771 1211 1808 lacunam
1245 1771 1421 1808 indicant
1452 1771 1584 1817 codd.;

109 1836 184 1875 Fl.:
234 1837 335 1884 „Has
373 1835 576 1887 aequ0m“.
645 1838 818 1876 Studem.
852 1840 993 1875 Annal.
1031 1839 1127 1890 phil.
1160 1839 1283 1877 CXIII
1325 1852 1361 1888 p.
1397 1841 1448 1876 64
1480 1841 1519 1876 in
1550 1839 1585 1876 A

109 1905 178 1943 sibi
204 1903 304 1954 „Ut“
332 1907 459 1956 legere
486 1906 706 1944 videbatur.
734 1928 784 1932 —
813 1908 905 1945 694.
940 1907 1129 1945 Venerem
1155 1921 1199 1945 ex
1223 1910 1320 1945 mari
1344 1912 1581 1957 surgentem,

109 1972 347 2022 ᾇναδυομένην,
377 1976 527 2025 antiqui
559 1979 599 2013 et
628 1979 755 2025 poetae
787 1981 825 2012 et
857 1975 1024 2013 artifices
1052 1976 1320 2022 celebrabant3
1353 1986 1403 2013 6oe
1435 1973 1584 2014 concha

108 2041 238 2080 natam
269 2042 372 2092 apud
401 2047 539 2094 poetas
569 2057 646 2081 non
679 2045 858 2091 legimus,
908 2045 973 2081 sed
1006 2046 1192 2094 opuscula
1232 2059 1278 2082 ex
1309 2044 1449 2094 argilla
1481 2045 1583 2082 sacta

108 2111 242 2160 sepius
281 2111 389 2148 deam
429 2112 616 2149 exhibent
652 2112 816 2161 genibus
855 2114 983 2149 nixam
1025 2114 1065 2149 in
1097 2113 1244 2150 concha
1275 2118 1428 2162 aperta.
1473 2115 1583 2162 quasi

106 2178 192 2216 inde
220 2183 417 2229 erumpat,
465 2193 500 2217 v.
534 2180 711 2218 Mueller.
746 2177 911 2218 Denkm.
945 2195 978 2218 a.
1012 2181 1058 2218 Κ.
1091 2180 1128 2217 II
1158 2195 1194 2218 n.
1230 2182 1321 2219 285.
1382 2181 1476 2218 Inde
1508 2181 1582 2218 Ve-

107 2258 230 2284 nerem
259 2252 443 2297 precatur
474 2248 701 2286 Trachalio:
750 2248 808 2286 Tu
840 2250 974 2298 ita-que
1006 2249 1083 2286 noli
1115 2250 1330 2297 indignari,
1379 2249 1484 2299 quod
1525 2250 1582 2287 hae

107 2315 238 2363 puellae
276 2316 433 2354 conchis
471 2317 624 2365 aliaque
668 2319 784 2354 maris
823 2317 956 2354 illuvie
997 2318 1223 2354 deformatae
1257 2318 1303 2355 ad
1336 2331 1440 2355 aram
1473 2322 1579 2355 tuam

108 2383 296 2430 accedant,
330 2385 375 2422 cf.
405 2385 498 2422 691.
528 2386 606 2422 270
639 2398 722 2434 sqq.
785 2385 876 2430 Quae
909 2398 1027 2434 quum
1060 2385 1274 2422 Lambinus
1304 2399 1443 2436 parum
1477 2391 1581 2423 recte

108 2449 153 2488 nd
189 2451 349 2490 conchas
387 2453 528 2502 puellis
567 2455 716 2490 muneri
757 2454 841 2490 dari
882 2454 1017 2490 solitas
1062 2449 1301 2501 rettulisset,
1343 2455 1581 2504 posteriores

107 2517 265 2557 obsceno
295 2533 410 2558 sensu
441 2520 545 2558 dicta
574 2526 774 2572 putarunt,
808 2522 918 2572 quasi
951 2522 1096 2559 concha
1126 2535 1197 2572 pro
1229 2526 1370 2560 natura
1400 2523 1579 2560 muliebri

107 2585 313 2635 diceretur,
359 2589 465 2639 quod
504 2591 660 2627 omnino
699 2589 829 2627 fictum
869 2594 940 2627 est.
1016 2590 1180 2628 Pravam
1211 2592 1578 2641 interpretationem

106 2655 217 2692 otiam
251 2656 424 2694 Iahnium
463 2654 650 2706 (Bericht.
683 2659 718 2696 d.
753 2659 884 2696 Sachs.
917 2657 1004 2696 Ges.
1042 2660 1144 2697 1853
1177 2674 1214 2710 p.
1253 2659 1318 2706 18)
1360 2661 1578 2710 amplexum

107 2734 195 2770 esse,
224 2725 473 2764 vehementer
503 2727 629 2764 doleo.
