2009 3218
360 180 440 219 368
1036 177 1153 212 Plauti
1573 178 1620 221 ll,
1646 180 1678 223 4,
1703 181 1834 214 70—81

930 302 1260 344 Diniarchus

1167 372 1344 416 Censeo.

919 452 950 493 P
961 453 990 494 h
1000 468 1021 494 r
1030 468 1054 495 0
1065 468 1090 494 n
1105 467 1126 495 e
1140 454 1220 495 siu
1231 467 1271 494 m

357 525 451 568 Non
483 525 617 567 audes
648 524 814 579 aliquid
847 525 949 566 mihi
981 525 1099 567 hodie
1130 525 1233 567 dare
1265 524 1535 566 munusculi?

934 619 1260 661 Diniarchus

356 692 541 734 Lucrum
573 691 718 733 hercle
748 691 898 733 uideor
928 691 1070 733 facere
1102 690 1219 741 mihi,
1251 689 1457 744 uoluptas
1489 704 1596 742 mea,

357 764 442 805 Ubi
473 763 695 818 quippiam
725 777 792 804 me
823 764 976 816 poscis.

920 855 1273 898 Phronesium

1033 929 1088 970 At
1119 942 1198 982 ego
1230 928 1302 970 ubi
1333 926 1513 970 abstuli

934 1023 1259 1065 Diniarchus

356 1096 448 1138 Iam
478 1095 577 1138 faxo
607 1095 676 1136 hic
707 1095 869 1146 aderit3
902 1095 1120 1137 seruolum
1151 1095 1235 1137 huc
1265 1096 1434 1137 mittam
1467 1109 1619 1137 meam.
1771 1107 1838 1141 425

924 1188 955 1230 P
965 1188 992 1230 h
1002 1203 1023 1230 r
1034 1203 1056 1231 o
1066 1204 1094 1231 n
1106 1203 1127 1231 e
1138 1203 1156 1231 S
1166 1190 1178 1231 i
1190 1204 1217 1231 u
1229 1204 1269 1231 m

358 1261 428 1304 Sic
457 1261 601 1304 facito.

929 1333 964 1374 D
976 1334 989 1374 i
1002 1334 1051 1374 ni
1062 1347 1087 1374 a
1102 1347 1121 1374 r
1134 1347 1156 1374 c
1166 1333 1194 1374 h
1206 1347 1232 1374 u
1244 1347 1262 1374 s

683 1404 899 1459 Quicquid
930 1405 1140 1457 attulerit,
1171 1405 1273 1447 boni
1304 1404 1517 1447 consulas.

920 1500 1273 1542 Phronesium

358 1573 539 1616 Ecastor
570 1586 724 1614 munus
756 1575 800 1614 te
832 1576 1084 1614 curaturum
1116 1573 1218 1624 scio,

356 1645 415 1687 Ut
445 1645 600 1700 quoius
631 1641 699 1686 me
730 1657 816 1686 non
846 1645 1070 1698 paeniteat
1100 1644 1251 1686 mittas
1283 1642 1398 1685 mihi.

933 1738 1259 1780 Diniarchus

355 1810 468 1852 Num
501 1811 722 1865 quippiam
752 1810 869 1853 aliud
903 1825 969 1853 me
999 1811 1095 1853 uis‘?

918 1904 1273 1947 Phronesium

1158 1976 1227 2029 Ut,
1259 1975 1432 2031 quando
1463 1976 1598 2018 otium

359 2048 455 2090 Tibi
485 2049 554 2099 sit,
587 2048 643 2090 ad
675 2063 742 2090 me
773 2049 938 2091 reuisas
969 2052 1012 2091 et
1042 2048 1204 2091 ualeas.

932 2143 1258 2186 Diniarchus

1261 2214 1379 2257 Uale.
1767 2225 1835 2258 430

356 2286 440 2328 Pro
471 2286 514 2327 di
544 2286 810 2328 inmortales!
842 2302 927 2328 non
958 2288 1144 2329 amantis
1176 2287 1380 2337 mulieris,

356 2357 437 2400 Sed
471 2358 662 2400 socienm'
692 2359 996 2409 ummimantis,
1028 2358 1199 2401 fidentis
1229 2359 1312 2400 fuit

469 2517 532 2550 421
561 2516 710 2551 icenseo
735 2515 770 2550 B
841 2518 906 2550 422
931 2517 1080 2561 aliquod
1107 2517 1136 2552 G
1213 2516 1323 2551 hodie
1348 2526 1412 2551 om.
1491 2515 1764 2551 munusciuilim
1787 2515 1833 2559 Β,

357 2583 487 2607 munus
513 2572 674 2606 ciuilium
703 2572 732 2607 G
825 2574 891 2608 423
915 2572 1034 2609 facer&
1133 2574 1304 2608 uoluntas
1402 2572 1545 2607 mehiea
1569 2571 1614 2615 B,
1639 2572 1784 2607 meheia
1808 2572 1838 2607 Ο

356 2630 424 2663 424
449 2640 578 2673 posces
702 2629 827 2664 astulit
850 2629 897 2672 B,
923 2630 1075 2665 abstulit
1100 2631 1128 2665 O
1257 2630 1323 2664 426
1348 2630 1400 2663 ait
1423 2629 1532 2664 uierit
1556 2629 1653 2663 bona
1768 2630 1835 2664 428

357 2686 464 2720 mitta
487 2685 535 2729 B,
561 2686 668 2720 mitte
695 2686 724 2721 Ο
823 2688 889 2721 429
913 2698 971 2722 me
997 2688 1051 2721 uis
1076 2687 1185 2721 alium
1286 2686 1426 2721 otihum
1453 2685 1488 2721 B
1585 2687 1652 2720 430
1676 2686 1834 2721 reuisaet

358 2742 477 2777 ualens
570 2743 633 2777 431
663 2742 711 2777 dii
741 2742 769 2776 Ο
857 2743 1074 2777 immortalis
1100 2743 1135 2777 B
1226 2744 1292 2778 432
1317 2743 1411 2778 sotie
