2009 3218
384 221 436 261 66
1060 210 1181 247 Plauti
1537 207 1600 254 IV,
1626 211 1658 251 6,
1683 210 1803 253 27—7‚
1832 211 1869 243 11

993 337 1266 380 Dordalus

605 397 724 440 Uale.

981 462 1280 516 Sayaristio

793 535 849 576 Et
878 548 977 586 uos3
1008 549 1107 576 nam
1137 535 1307 576 animus
1338 533 1424 574 iam
1454 532 1497 573 in
1527 531 1629 572 naui
1661 535 1725 572 est
1755 530 1871 572 mihi.

996 612 1269 655 Dordalus

389 689 496 731 Cras
527 689 612 730 ires
645 687 802 742 potius,
834 685 962 728 hodie
991 684 1062 726 hic
1094 698 1281 726 cenares.

970 764 1004 805 S
1020 764 1199 816 (tyaris
1213 764 1251 803 ti
1263 776 1283 803 0

1348 833 1469 876 Uale.

511 1042 784 1087 TOXILUS
843 1039 1187 1084 DORDALUS
1251 1038 1443 1082 UIRGO
1502 1036 1766 1080 SATURIO

1028 1154 1245 1196 Toxilus

398 1231 636 1284 Postquam
668 1229 756 1271 illic
788 1228 907 1279 abiit,
940 1227 1081 1269 dicere
1112 1227 1184 1267 hic
1215 1224 1387 1280 quiduis
1416 1225 1529 1267 licet.

396 1304 458 1345 Ne
488 1303 558 1344 hic
588 1302 668 1344 tibi
701 1301 791 1343 dies
823 1300 978 1341 inluxit
1009 1297 1324 1349 lucrificabilis;

393 1375 505 1417 Nam
534 1389 618 1417 non
651 1373 791 1416 emisti
823 1372 947 1422 hanc,
979 1385 1128 1414 uerum
1161 1369 1302 1412 fecisti
1332 1369 1455 1411 lucri.
1815 1379 1883 1412 710

1004 1450 1275 1492 Dordalus

392 1527 470 1568 Ille
503 1526 679 1580 quidem
710 1526 795 1567 iam
826 1525 921 1576 scit,
954 1524 1059 1578 quid
1089 1523 1236 1576 negoti
1267 1521 1459 1576 gesserit,

394 1599 475 1650 Qui
507 1599 611 1640 mihi
642 1596 851 1639 furtiuam
884 1610 977 1638 meo
1010 1594 1172 1649 periclo
1205 1593 1420 1644 uendidit3

397 1671 632 1724 Argentum
664 1670 849 1723 accepit,
881 1668 1008 1720 abiit;
1041 1668 1114 1722 qui
1146 1681 1223 1720 ego
1255 1679 1367 1707 nunc
1397 1666 1500 1715 seio,

400 1743 464 1784 An
495 1743 581 1784 iam
614 1742 841 1783 adseratur
872 1741 979 1782 haec
1010 1739 1169 1781 manu‘?
1231 1739 1322 1789 Quo
1354 1737 1472 1779 illum
1506 1735 1692 1790 sequar?

399 1815 449 1856 In
480 1814 667 1856 Persas?
726 1813 889 1866 Nugas.

1030 1891 1254 1933 Toxilus

945 1963 1117 2006 Credidi
1149 1967 1320 2017 gratum
1350 1961 1442 2004 fore
1821 1971 1888 2004 '715

399 2038 662 2082 Beneficium
694 2051 833 2079 meum
865 2037 980 2091 apud
1011 2041 1067 2078 te.

1006 2115 1281 2157 Dordalus

1114 2188 1249 2229 Immo
1281 2186 1480 2240 equidem
1512 2185 1697 2239 gratiam

405 2263 516 2314 Tibi,
548 2262 709 2310 Toxile,
743 2261 902 2313 habe03
934 2275 1034 2303 nam
1065 2264 1108 2302 te
1141 2259 1254 2302 sensi
1285 2257 1436 2301 sedulo

406 2334 512 2377 Mihi
546 2334 650 2376 dare
679 2333 836 2376 bonam
868 2346 1055 2387 operam.

1036 2412 1260 2454 Toxilus

1114 2484 1266 2526 Tibine
1299 2484 1408 2537 ego?
1467 2482 1602 2525 Immo
1636 2495 1704 2524 ero
1734 2493 1833 2524 meo.

519 2625 584 2657 706
609 2623 733 2657 nauist
760 2621 806 2663 A,
834 2621 977 2655 nauisst
1003 2620 1031 2655 C
1105 2632 1207 2655 meus
1232 2619 1301 2654 ΒΟ
1378 2620 1443 2653 '707
1469 2619 1523 2652 ire
1549 2618 1578 2653 Ο
1655 2620 1722 2654 808
1745 2618 1893 2654 eandem

415 2691 557 2716 scenam
582 2681 768 2715 continuat
792 2678 824 2712 Α
923 2678 1041 2712 habiit
1069 2677 1097 2712 C
1191 2679 1258 2711 710
1280 2677 1423 2712 lucrum
1450 2676 1477 2710 C
1573 2676 1642 2709 712
1666 2675 1832 2720 periculo
1859 2675 1892 2709 A

408 2739 474 2771 '715
500 2738 676 2781 imporsas
704 2736 732 2770 G
834 2736 900 2768 '717
926 2747 1008 2769 nam
1035 2735 1190 2769 sensisse
1215 2733 1340 2768 tedulo
1370 2732 1399 2769 G
1504 2734 1570 2768 718
1594 2733 1689 2768 tibin
1713 2732 1782 2768 BC

403 2793 569 2830 Immo..
589 2794 672 2827 .ulo
697 2793 741 2836 A,
768 2793 879 2827 immo
905 2792 1001 2826 serui
1027 2790 1095 2825 ΒΟ
