2009 3218
353 208 434 247 404
1024 203 1149 238 Plauti
1651 203 1694 248 V,
1718 205 1827 239 8—-21

891 328 1289 382 Stratophanes

663 399 764 453 Ego,
799 413 891 441 mea
922 399 1141 454 uoluptas,
1174 400 1210 441 si
1241 398 1345 452 quid
1375 399 1553 452 peccaui
1585 400 1715 454 prius,
1763 412 1830 446 889

352 470 751 526 Suppliciumsshane
776 471 932 512 minam
957 471 1047 513 fero
1072 471 1179 513 auri.
1239 470 1283 512 Si
1306 471 1448 511 minus
1471 471 1619 523 credis,
1651 473 1827 527 respice.

911 561 1269 603 Phronesium

349 634 502 675 Manus
528 637 650 675 uetat
674 633 791 687 prius
810 647 937 687 quam
955 620 1085 686 penes
1104 646 1198 674 sese
1216 632 1376 674 habeat
1392 633 1623 686 quicquam
1640 634 1827 676 credere.

351 706 490 748 Puero
515 710 644 759 opust
667 704 776 755 cibo,
809 719 916 759 opus
941 708 1007 746 est
1032 705 1157 746 matri
1186 708 1344 757 autem,
1377 717 1486 757 quae
1509 718 1689 758 puerum
1707 705 1828 747 lauit.

349 777 467 832 Opus
499 778 668 828 nutrici,
701 777 809 818 lacte
839 773 888 817 u't
918 776 1089 826 habeat,
1125 776 1283 817 ueteris
1313 776 1402 817 uini
1433 776 1624 829 largiter,

349 849 421 904 Ut·
438 850 529 891 dies
562 853 796 901 noctesque
829 852 968 902 potet;
1004 861 1111 901 opus
1143 847 1270 900 ligno,
1304 861 1412 901 opus
1444 847 1730 901 carbonibus3

350 921 514 963 Fasciis
546 935 654 975 opus
687 925 762 972 est,
796 920 995 973 puluinis‚
1027 920 1157 969 cunis,
1189 919 1477 960 incunabulis.
1503 974 1509 978 Α
1762 931 1830 966 895

350 992 454 1034 Oleo
487 1000 627 1047 opust,
658 992 799 1033 farina
830 995 971 1045 opust,
995 990 1213 1042 pulmento
1245 994 1368 1042 opust
1395 995 1535 1032 totum
1568 991 1693 1033 diem.

348 1065 593 1118 Numquam
611 1064 693 1106 hoc
709 1078 793 1105 uno
826 1063 894 1104 die
912 1056 1121 1104 efficiatur
1138 1076 1258 1116 opus,
1290 1063 1392 1115 quin
1417 1076 1524 1116 opus
1549 1077 1718 1117 semper
1735 1065 1828 1106 siet.

349 1136 443 1178 Non
475 1137 585 1177 enim
618 1141 797 1190 possunt
827 1134 1036 1176 militares
1068 1136 1190 1188 pueri
1221 1139 1269 1175 ut
1299 1135 1430 1177 catuli
1461 1134 1644 1176 educier.

890 1213 1290 1267 Stratophanes

351 1288 532 1341 Respice
563 1301 678 1340 ergo.
738 1287 893 1340 Accipe
925 1285 1018 1335 hoc,
1052 1286 1125 1340 qui
1157 1287 1269 1327 istuc
1300 1285 1471 1327 ecficias
1504 1300 1626 1340 opus.

911 1365 943 1406 P
954 1365 982 1406 h
996 1379 1016 1406 r
1030 1379 1053 1406 o
1065 1379 1089 1405 n
1102 1379 1124 1406 e
1135 1366 1214 1406 siu
1226 1379 1267 1406 m

349 1436 476 1489 Cedo,
509 1452 771 1492 quamquam
802 1451 955 1491 parum
988 1441 1066 1479 est.

891 1516 1291 1570 Stratophanes

823 1590 991 1631 Addam
1022 1589 1181 1629 minam
1212 1589 1394 1630 alteram
1424 1589 1535 1630 istoc
1566 1593 1674 1642 post.

914 1668 1263 1710 Phronesium

1526 1725 1739 1767 Parumst.
1764 1736 1831 1770 900

891 1782 1283 1836 Stratophanes
1835 1779 1839 1785 “

351 1855 442 1896 Tuo
475 1855 702 1905 arbitratu,
735 1855 851 1909 quod
883 1855 1066 1905 iubebis,
1100 1854 1296 1905 dabitur3
1328 1854 1384 1895 da
1414 1867 1527 1895 nunc
1558 1855 1736 1895 sanium.

914 1934 1265 1975 Phronesium

351 2008 474 2049 Mitte
506 2022 583 2058 me,
615 2008 812 2061 inquam3
846 2006 1044 2049 odiosu's.

546 2084 549 2087 ’
890 2086 1284 2138 Stratophanes

1004 2157 1122 2198 Nihil
1152 2157 1220 2209 fit;
1252 2171 1335 2198 non
1367 2170 1507 2207 amor3
1538 2157 1694 2198 teritur
1723 2156 1827 2198 dies.

351 2231 450 2272 Plus
483 2231 626 2272 decem
660 2230 802 2284 pondo
834 2244 947 2272 nunc
978 2232 1073 2271 auri
1105 2230 1378 2284 pausillisper
1408 2228 1591 2283 perdidi.

461 2392 528 2425 890
553 2390 711 2424 archano
735 2389 780 2430 B,
805 2389 949 2423 adhanc
974 2388 1003 2423 Ο
1132 2388 1161 2421 si
1186 2388 1274 2422 mihi
1300 2387 1398 2422 rides
1424 2387 1505 2432 pice
1637 2387 1707 2425 ,891
1734 2395 1828 2430 pane

352 2459 430 2482 sese
454 2447 490 2481 B
571 2447 729 2491 quicqua
754 2446 789 2480 B
881 2447 947 2479 892
973 2457 1063 2489 opus
1089 2448 1143 2479 est
1168 2445 1290 2479 cibum
1382 2445 1448 2479 893
1473 2446 1571 2478 attut
1593 2442 1640 2485 B,
1666 2440 1834 2477 actuteG

464 2504 571 2538 abeat
595 2504 629 2537 B
721 2504 853 2547 lagitcr
955 2503 1021 2536 894
1047 2505 1172 2546 potest
1199 2501 1228 2537 Ο
1327 2501 1469 2545 opustic
1494 2511 1542 2535 no
1561 2499 1606 2542 Β,
1632 2509 1722 2543 opus
1745 2497 1828 2532 istic

351 2574 424 2595 non
451 2560 481 2595 Ο
592 2571 684 2604 opus
710 2565 767 2593 est
792 2559 1015 2593 carbonibus
1147 2560 1213 2592 895
1237 2557 1371 2592 Falciis
1396 2557 1441 2601 B,
1468 2556 1598 2592 faciliis
1624 2554 1652 2590 G
1762 2553 1828 2588 896

351 2616 478 2652 Oleum
507 2628 597 2661 opus
623 2620 680 2650 est
704 2616 825 2650 farina
850 2628 961 2659 purus
987 2619 1043 2650 est
1068 2618 1188 2650 totum
1317 2616 1384 2649 898
1407 2625 1556 2658 possum
1683 2613 1721 2646 et
1743 2611 1827 2645 auio

349 2673 524 2708 exducier
655 2674 721 2707 899
746 2672 930 2706 exefficias
1067 2674 1134 2707 900
1158 2671 1215 2706 Ad
1241 2682 1370 2705 omnae
1395 2671 1521 2713 (omne
1546 2669 1588 2713 G)
1611 2667 1827 2704 manucistic

351 2735 456 2775 poste
480 2734 608 2774 parust
654 2753 656 2756 ψ
741 2730 802 2762 901
834 2729 1004 2763 adabitur
1029 2728 1074 2771 B,
1099 2729 1295 2763 addabitur
1320 2727 1349 2762 Ο
1474 2729 1540 2762 902
1563 2727 1712 2761 odiosus
1736 2724 1827 2760 nihil

349 2789 415 2822 903
440 2787 562 2831 pondo
590 2786 701 2821 moris
720 2786 874 2830 *pausilli
902 2786 1118 2830 pel-pendidi
