2009 3218
159 180 214 220 lV,
242 183 271 220 4,
296 183 408 214 6—12
433 158 436 161 *
833 185 987 219 ltudvns,
1571 196 1614 231 Ιῖ)
1638 212 1639 215 =

154 306 497 361 Prosequimini'?
557 308 771 359 Quoniam
803 324 880 364 ego
913 311 1079 361 adsum,
1114 312 1243 354 saciet
1276 329 1401 356 nemo
1428 316 1643 358 iniuriam.

152 378 228 427 Ite,
262 379 448 432 inquam,
480 380 654 422 domum
687 381 814 423 ambo
838 396 950 424 nunc
974 384 1058 425 iam
1086 399 1135 425 ex
1163 386 1378 438 praesidio
1405 388 1642 441 praesides.

800 486 838 525 (τ’
850 498 872 524 r
883 487 931 536 ip
943 500 967 526 a
978 503 999 522 x

152 552 186 595 O
218 567 288 595 ere
321 553 456 596 salue.

755 642 795 684 Ι)
806 657 828 684 (ι
841 657 908 683 em
922 659 943 684 o
954 658 1042 684 nes

463 713 591 756 Salue
624 714 769 770 Gripe.
832 715 943 766 Quid
975 715 1054 758 fit?

754 818 1032 859 Trachalio

1052 891 1223 934 Tuusne
1254 894 1324 935 hio
1355 909 1508 937 seruus
1541 900 1636 939 est?

795 986 996 1038 Gripus

148 1054 271 1096 Haud
305 1055 449 1109 pudet.

746 1145 1033 1187 Traelmlio

313 1214 430 1256 Nihil
462 1229 543 1268 ago
574 1221 727 1258 tecum.

789 1298 993 1350 Gripus

578 1369 692 1422 Ergo
723 1369 796 1411 abi
828 1370 929 1412 hinc
961 1371 1031 1413 sis.

745 1473 1024 1514 Trachalio

139 1597 172 1639 Τ
286 1598 314 1640 h
568 1602 588 1632 ‘>
902 1545 1071 1596 Qua-eso
1102 1548 1328 1601 responde,
1362 1563 1511 1591 senex:
1547 1561 1634 1595 1040

175 1612 255 1640 uus
319 1600 356 1640 ic
388 1606 580 1643 seruost.

737 1681 1036 1724 Daemones»⁴

550 1751 673 1796 Meus
705 1758 782 1795 est.

740 1857 833 1897 Tra
849 1857 1019 1900 chaldo

750 1927 841 1977 Em,
875 1929 988 1971 istuc
1021 1935 1210 1983 optume.
1272 1932 1456 1983 Quando
1489 1938 1627 1985 must,

134 1995 292 2038 Iterum
324 2003 366 2040 te
398 1999 553 2041 saluto.

732 2079 1022 2122 Daemones

522 2151 576 2193 Et
609 2166 688 2204 ego
720 2157 775 2193 te.
836 2151 958 2194 Tune
990 2167 1046 2201 es,
1081 2155 1156 2207 qui
1187 2154 1300 2196 haud
1338 2155 1472 2198 multo
1506 2158 1625 2210 prius

131 2219 286 2262 Abiisti
318 2220 418 2264 hinc
449 2236 570 2264 erum
603 2223 893 2265 arcessitum?

735 2326 1022 2368 Trachalio

840 2399 928 2453 Ego
961 2400 998 2441 is
1029 2413 1134 2441 sum.

726 2500 1018 2543 Daemones

1124 2574 1237 2625 Quid
1269 2590 1380 2619 nunc
1411 2578 1476 2619 uis
1508 2578 1621 2620 tibi?

238 2705 323 2738 1039
348 2704 444 2748 Opre
471 2704 500 2740 G
603 2706 735 2749 grippe
764 2706 794 2742 C
897 2710 978 2743 1041
1008 2720 1137 2744 seruus
1164 2716 1222 2746 est,
1321 2711 1414 2748 Hem
1443 2715 1554 2748 istum
1583 2714 1618 2757 G,

127 2762 205 2792 stuc
230 2757 264 2792 B
359 2766 443 2795 tuus
475 2766 532 2796 est
557 2762 592 2796 B
688 2764 775 2797 1042
805 2763 924 2798 saluto
951 2770 985 2799 te
1014 2765 1042 2799 C
1136 2769 1221 2802 1043
1248 2769 1373 2802 Abisti
1457 2770 1567 2805 istum
1596 2773 1624 2805 (J
