2009 3218
394 247 443 284 52
1072 240 1188 276 Plauti
1593 240 1658 285 IV,
1685 243 1716 284 4,
1745 242 1874 276 14—26

999 367 1270 409 Dordalus

393 438 538 481 Uerba
569 438 739 492 quidem
771 437 888 480 haud
919 438 1093 481 indocte
1124 438 1238 480 fecit.

1028 517 1250 558 Toxilus

872 589 935 629 Ex
965 593 1052 639 tuo,
1083 589 1271 643 inquam,
1305 603 1385 630 usu
1418 592 1504 639 est3
1538 602 1629 629 eme
1660 588 1784 630 hanc.
1811 599 1878 633 560

1001 667 1272 709 Dordalus

392 738 557 793 Edepol
589 739 662 791 qui
693 752 819 792 quam
854 739 964 781 hanc
995 742 1130 793 magis
1163 739 1419 793 contemplo,
1451 739 1586 791 magis
1618 739 1776 792 placet.

1025 819 1245 860 Toxilus

1494 889 1537 931 Si
1568 888 1680 930 hanc
1711 890 1878 940 emeris,

393 963 443 1003 Di
477 962 752 1009 immortales
786 963 928 1004 nullus
960 963 1057 1003 leno
1090 967 1133 1003 te
1166 961 1277 1002 alter
1308 962 1391 1002 erit
1422 961 1688 1015 opulentior3

392 1034 574 1076 Euortes
607 1039 680 1075 tuo
714 1034 929 1075 arbitratu
962 1034 1154 1075 homines
1188 1033 1345 1081 fundis,
1377 1033 1572 1085 familii83

393 1105 499 1147 Cum
533 1107 720 1160 optumis
752 1106 857 1147 uiris
889 1120 978 1147 rem
1010 1104 1214 1156 habebis3
1246 1105 1430 1158 gratiam
1464 1106 1639 1158 cupient
1669 1110 1807 1157 tuam3

393 1177 576 1219 Uenient
607 1177 661 1218 ad
693 1182 735 1219 te
769 1179 1059 1219 comissatum.

1001 1256 1272 1298 Dordalus

1109 1328 1164 1369 At
1194 1341 1271 1380 ego
1303 1328 1536 1370 intromitti
1567 1333 1762 1371 uotuero.
1813 1341 1879 1374 565

1029 1408 1246 1449 Toxilus

394 1481 447 1521 At
480 1481 591 1522 enim
622 1479 685 1521 illi
717 1483 848 1520 noctu
882 1479 1171 1521 occentabunt
1203 1480 1371 1531 ostium,
1404 1484 1586 1520 exurent
1615 1478 1741 1521 fores.

391 1551 577 1593 Proinde
609 1555 655 1592 tu
687 1550 764 1592 tibi
798 1551 950 1592 iubeas
984 1551 1181 1593 concludi
1213 1551 1334 1593 aedis
1365 1551 1530 1592 foribus
1561 1551 1724 1601 ferreis,

391 1624 572 1665 Ferreas
605 1623 725 1665 aedis
757 1629 986 1673 conmutes,
1017 1623 1167 1664 limina
1197 1624 1320 1664 indas
1351 1622 1501 1674 ferrea,

390 1692 591 1735 Fen-eam
623 1709 765 1736 seram
796 1700 926 1748 atque
960 1695 1162 1746 anellum,
1195 1709 1260 1746 ne,
1293 1696 1327 1736 si
1359 1694 1471 1737 ferro
1505 1696 1706 1749 parseris,

391 1765 568 1806 Ferreas
600 1772 691 1808 tute
722 1767 801 1808 tibi
833 1768 996 1820 inpingi
1030 1767 1181 1808 iubeas
1215 1781 1384 1808 crassas
1417 1768 1659 1820 compedes.
1813 1780 1880 1812 570

1003 1857 1271 1899 Dordalus

392 1926 411 1967 I
442 1927 482 1968 in
516 1928 674 1970 malum
708 1931 959 1971 cruciatum.

1023 2010 1242 2050 Toxilus

868 2081 884 2120 1
916 2095 1029 2122 sane.
1093 2081 1214 2122 Hanc
1245 2095 1336 2122 eme
1369 2084 1499 2134 atque
1531 2081 1729 2123 ausculta
1762 2081 1875 2123 mihi.

999 2172 1271 2213 Dordalus

391 2241 521 2283 Modo
554 2246 602 2283 ut
632 2243 777 2294 sciam,
811 2245 961 2296 quanti
994 2242 1165 2285 indicet.

1027 2335 1090 2375 To
1102 2334 1252 2376 acilus

1076 2406 1155 2448 Uin
1187 2406 1273 2447 huc
1305 2407 1483 2449 uocem?

1002 2497 1271 2539 Dordalus

1411 2569 1502 2622 Ego
1534 2569 1609 2612 illo
1642 2583 1876 2612 accessero.

506 2703 572 2735 560
597 2713 681 2736 ussu
708 2706 742 2735 te
768 2714 825 2736 me
852 2702 896 2746 B,
924 2705 1040 2738 uisust
1067 2716 1144 2738 eme
1173 2704 1201 2739 C'
1267 2705 1329 2739 561
1357 2716 1437 2739 cum
1518 2706 1583 2738 564
1608 2705 1821 2749 concipient
1843 2705 1879 2739 B

392 2760 456 2792 565
484 2763 639 2792 uotuero
667 2769 730 2793 om.
757 2759 821 2793 BC
924 2763 988 2794 569
1016 2761 1160 2794 anulum
1257 2764 1305 2795 sis
1409 2763 1469 2795 571
1502 2761 1515 2795 I
1543 2762 1590 2795 sis
1617 2762 1652 2795 in
1680 2762 1712 2795 A
1812 2763 1878 2796 572

393 2817 444 2849 uti
540 2825 706 2849 accen-set.)
733 2815 768 2849 Β
