2009 3218
427 251 479 290 20
1109 242 1229 278 Plauti
1664 240 1712 283 ΙΙ,
1739 242 1771 283 2,
1796 241 1908 274 9--20

1060 368 1277 409 Toxilus

428 443 575 485 Scelus
605 447 654 483 tu
685 442 809 495 pueri
839 456 905 492 es,
946 446 1077 494 atque
1111 440 1165 482 ob
1196 440 1337 481 istanc
1368 453 1457 480 rem
1489 452 1566 490 ego
1598 438 1731 491 aliqui
1763 442 1804 478 te
1837 452 1907 490 pe-

1373 509 1557 551 culiabo.

1026 598 1311 650 Paeonium

430 673 538 723 Scio,
569 671 652 713 fide
683 670 824 712 hercle
857 671 950 712 erili
981 675 1028 712 ut
1060 670 1199 711 soleat
1230 667 1490 721 inpudicitia
1521 666 1789 720 opprobrari,

429 744 519 786 Nec
551 743 691 796 subigi
723 747 942 796 queantur
971 755 1173 794 unquam.
1208 746 1255 781 ut
1285 753 1363 793 pro
1396 753 1445 780 ea
1476 738 1560 779 fide
1592 738 1782 779 habeant
1804 737 1915 779 iudi-

1377 825 1480 851 cem.
1851 820 1913 853 195

1068 900 1281 940 Toxilus

430 959 512 1000 Abi
544 957 683 999 modo.

1043 1028 1078 1067 P
1085 1041 1107 1068 α
1119 1041 1137 1067 e
1145 1041 1172 1078 ss
1182 1041 1209 1067 η
1220 1028 1233 1065 π’
1245 1041 1270 1067 u
1282 1040 1319 1066 m

716 1099 808 1151 Ego
838 1099 1041 1141 laudabis
1072 1098 1184 1140 faxo.

1069 1185 1286 1226 Tooeilns

1207 1256 1290 1298 Sed
1323 1256 1401 1297 has
1433 1254 1636 1304 tabellas,
1669 1254 1916 1307 Paegnium,

435 1330 526 1384 Ipsi
557 1330 878 1372 Lemniselenae
909 1329 978 1370 fac
1009 1328 1086 1369 des
1119 1334 1172 1378 et,
1205 1342 1314 1382 quae
1345 1328 1460 1378 iussi,
1489 1327 1701 1368 nuntiato.

979 1415 1382 1466 Sophoclidisca

437 1487 568 1530 Cesso
599 1488 662 1529 ire
695 1501 784 1540 ego,
816 1499 899 1541 quo
933 1487 1061 1529 missa
1092 1487 1214 1528 sum?

1037 1573 1168 1624 Paess
1182 1587 1205 1613 n
1221 1573 1272 1613 iu
1287 1587 1323 1613 m

437 1632 499 1674 Eo
531 1645 622 1685 ego.

1071 1701 1290 1742 Toxilus

550 1774 568 1815 I
592 1787 713 1825 sane3
745 1787 822 1827 ego
849 1773 1019 1815 domum
1045 1773 1138 1824 ib03
1169 1773 1262 1814 face
1288 1787 1376 1814 rem
1404 1772 1517 1813 hanc
1543 1784 1637 1813 cuin
1660 1786 1762 1813 cura
1786 1785 1922 1826 geras.
1947 1807 1950 1810 ⁴

438 1846 548 1888 Uola
580 1845 806 1887 curriculo.

1041 1931 1327 1985 Paeywwn

859 2003 978 2046 Istuc
1009 2004 1200 2045 marinus
1232 2017 1382 2058 passer
1411 2017 1488 2057 per
1520 2003 1680 2043 circum
1713 2002 1834 2043 solet.
1861 2013 1926 2046 200

439 2077 533 2119 Illic
561 2077 661 2118 hinc
691 2075 800 2118 abiit
830 2076 944 2116 intro
977 2075 1072 2116 huc.
1135 2074 1217 2116 Sed
1250 2076 1346 2130 quis
1377 2075 1485 2116 haec
1516 2078 1594 2125 est,
1626 2088 1734 2126 quae
1760 2087 1825 2114 me
1850 2072 1919 2114 ad-

1385 2160 1563 2188 uorsum
1593 2145 1783 2187 incedit?

977 2233 1386 2285 Sophoclidisca

443 2307 677 2360 Paegnium
708 2306 778 2347 hic
809 2306 981 2358 quidem
1014 2310 1091 2346 est.

1052 2392 1090 2433 P
1097 2407 1118 2433 cc
1131 2405 1150 2432 e
1158 2407 1184 2445 [Ι
1195 2406 1220 2432 n
1231 2393 1281 2433 iu
1290 2406 1330 2433 m

955 2463 1280 2518 Sophoclidisca
1311 2464 1419 2506 haec
1451 2468 1529 2506 est.
1563 2464 1792 2518 peculiaris
1825 2464 1926 2516 eius,

444 2536 536 2586 Quo
569 2550 646 2588 ego
677 2549 768 2576 sum
803 2537 970 2577 missus.

563 2694 624 2726 193
648 2694 752 2726 istam
781 2694 809 2725 (7
946 2694 1084 2737 aliquid
1112 2693 1179 2728 BC
1313 2696 1377 2729 194
1400 2693 1486 2728 fidei
1511 2693 1580 2729 BC
1705 2694 1768 2727 195
1793 2692 1866 2727 Hec
1892 2692 1927 2727 B

450 2750 509 2782 196
536 2760 623 2792 ergo
735 2751 798 2782 197
826 2749 1042 2782 lemniselini
1068 2749 1113 2791 B,
1140 2750 1310 2785 lemnisse
1336 2750 1406 2784 leni
1434 2750 1462 2785 C
1568 2751 1629 2784 199
1654 2761 1758 2784 curas
1862 2750 1928 2783 200

445 2806 627 2840 mari-inus
653 2805 687 2838 B
758 2837 762 2840 ,
784 2807 847 2839 201
875 2805 994 2839 habiit
1018 2805 1103 2839 hinc
1129 2806 1174 2849 B,
1201 2807 1292 2841 abiit
1316 2807 1401 2841 hinc
1428 2807 1456 2841 G
1559 2808 1626 2841 202
1650 2806 1846 2851 peculiaris
1871 2810 1929 2841 est
