2009 3218
334 215 415 253 608
948 211 1203 247 Truculentus.

333 339 380 376 ad
404 339 624 387 Sicyonium
656 339 827 376 eiusdem
851 343 996 389 poetae,
1029 340 1244 378 Schoellius
1268 341 1480 390 quidquam
1508 344 1655 391 praeter
1679 343 1813 380 inanes

333 409 576 444 coniecturas
607 407 870 456 protulerunt.
939 407 1074 445 Senem
1106 409 1288 445 Plautum
1321 409 1422 446 hanc
1452 410 1652 459 scripsisse
1683 408 1815 448 Cicero

329 479 497 512 testatur
528 474 611 512 Cat.
644 475 733 511 mai.
770 476 837 518 14,
880 476 949 522 50,
998 489 1066 512 nec
1105 475 1319 513 abhorrent
1358 489 1444 526 quae
1484 477 1524 514 in
1563 478 1649 526 ipsa
1679 476 1816 515 'fabula

330 544 581 580 inveniuntur
611 543 800 592 temporis
831 543 1008 592 vestigia.
1082 543 1181 580 Nam
1214 557 1248 580 v,
1281 545 1359 581 481
1406 544 1538 591 „falsis
1571 545 1617 582 de
1649 546 1810 593 pugnis“

331 611 379 647 ad
410 610 568 647 Catonis
600 611 818 647 orationem
859 624 891 647 a.
929 611 1004 648 190
1037 611 1211 648 habit-am
1243 611 1381 648 referri
1420 616 1570 661 potest,
1614 616 1652 648 et
1684 625 1718 649 V.
1752 614 1814 658 77,

335 678 415 725 „Re
444 678 600 728 placida
632 681 750 727 atque
781 679 907 715 otiosa
929 679 1044 716 uictis
1069 677 1287 720 hostibus“.
1321 683 1411 728 post
1437 680 1580 716 bellum
1606 680 1813 717 Antioche-

331 760 420 784 num
448 750 485 783 et
501 740 714 783 AEtolicum
738 745 891 783 finitum
916 747 1084 794 scriptus
1109 747 1277 783 videtur.
1339 746 1470 784 Cicero
1496 748 1612 784 etiam
1639 747 1814 785 Plautum

332 814 402 851 hac
434 814 567 851 fabula
596 814 846 851 vehementer
876 815 1051 861 gavisum
1074 828 1174 852 esse
1212 815 1452 863 suspicatur3
1500 828 1543 852 ac
1581 829 1672 852 sane
1702 820 1816 866 turpe

331 882 428 920 illud
473 886 746 931 argumentum
799 883 1004 931 perspicue
1051 883 1270 933 explicatur
1316 892 1520 932 moresque
1564 895 1815 933 personarum

330 951 428 987 varii
460 951 606 1000 optime
637 952 869 1000 pinguntur3
912 950 980 987 sed
1021 950 1162 987 festiva
1200 951 1269 988 illa
1299 951 1489 996 hilaritas,
1522 964 1637 1000 quam
1668 952 1706 988 in
1737 952 1815 1001 ple-

330 1021 461 1068 risque
499 1018 628 1055 Plauti
667 1018 809 1055 fabulis
849 1017 1107 1064 admiramur,
1150 1019 1211 1056 hic
1249 1020 1364 1056 nimis
1408 1031 1511 1069 saepe
1557 1019 1812 1057 desideratur.

331 1086 407 1133 Qui
446 1090 594 1130 autem,
642 1087 733 1135 quia
770 1098 907 1134 parum
947 1087 1151 1135 aequaliter
1191 1091 1462 1136 argumentum
1502 1088 1550 1124 iis
1595 1089 1815 1136 expositum

331 1154 554 1199 videbatur,
600 1154 771 1191 fabulam
811 1167 857 1190 ex
888 1153 1039 1191 duabus
1070 1153 1214 1192 Graecis
1247 1157 1572 1201 contaminatam,
1618 1160 1663 1192 ut
1694 1155 1814 1193 Lade-

331 1225 485 1272 wigius,
525 1226 593 1258 aut
631 1223 912 1258 retractatione
950 1224 988 1259 in
1026 1222 1185 1260 brevius
1226 1228 1464 1260 contractam
1499 1228 1743 1270 censuerunt,
1773 1228 1817 1261 ut

334 1290 560 1328 Reinhardt.
602 1291 640 1326 in
679 1289 851 1327 Studem.
884 1289 996 1327 Stud.
1029 1290 1044 1326 Ι
1082 1304 1120 1340 p.
1154 1292 1226 1337 93,
1261 1291 1452 1328 Dziatzko
1492 1293 1530 1328 in
1562 1291 1662 1328 Mus.
1695 1291 1813 1329 Rhen.

330 1358 462 1396 XXIX
493 1371 530 1408 p.
567 1358 636 1404 59,
685 1358 771 1399 alii,
819 1357 915 1394 nihil
946 1359 1019 1395 nisi
1051 1359 1154 1396 leves
1185 1360 1424 1409 suspiciones
1466 1359 1702 1405 attulerunt,
1748 1372 1814 1397 nec

329 1427 559 1476 Spengelius
590 1425 758 1474 probare
790 1417 931 1474 potuit,
964 1427 1071 1463 tertii
1103 1432 1142 1464 et
1166 1428 1294 1476 quarti
1323 1431 1430 1464 actus
1456 1428 1639 1464 maiorem
1664 1431 1812 1477 partem

330 1495 586 1541 intercidisse,
619 1506 652 1529 v.
687 1493 735 1529 ad
767 1507 799 1529 v.
836 1495 928 1531 659.
997 1494 1099 1532 Illud
1132 1498 1316 1545 apparet,
1355 1495 1609 1546 archetypum
1641 1495 1812 1533 codicum

328 1562 403 1609 BC,
435 1563 495 1599 vel
526 1562 657 1610 pot-ius
690 1562 797 1598 illum
831 1562 1012 1608 codicem,
1052 1563 1153 1600 unde
1185 1565 1216 1601 is
1248 1562 1468 1613 descriptus
1500 1567 1569 1609 est,
1601 1564 1658 1600 ita
1689 1563 1813 1600 humi-

331 1631 492 1667 «litatem
525 1634 593 1666 aut
625 1629 739 1666 aliam
772 1631 955 1667 iniuriam
988 1635 1195 1680 expertum
1227 1645 1321 1677 esse,
1354 1637 1398 1668 ut
1427 1644 1503 1668 non
1529 1631 1638 1668 nulla
1661 1631 1814 1668 omnino

331 1712 406 1735 nou
439 1699 680 1745 legerentur,
723 1698 896 1746 quaedam
939 1703 1018 1735 tam
1051 1698 1273 1745 difficulter,
1304 1703 1348 1736 ut
1377 1699 1650 1737 tantummodo
1681 1690 1842 1736 umbra*

330 1766 506 1816 quaedam
540 1768 636 1813 eius,
668 1765 771 1814 quod
805 1780 826 1802 a
857 1766 996 1804 Plauto
1028 1769 1214 1816 scriptum
1249 1772 1349 1813 erat,
1384 1768 1433 1804 ad
1463 1780 1533 1805 nos
1569 1768 1812 1813 traderetur3

331 1837 547 1883 meritoque
579 1833 823 1871 Camerarius
855 1834 953 1871 hanc
992 1834 1162 1871 fabulam
1205 1836 1534 1873 mendosissimam
1574 1840 1614 1872 et
1651 1836 1814 1872 laceram

331 1903 378 1939 ad
411 1915 479 1939 nos
510 1903 733 1952 pervenisse
765 1903 954 1951 queritur.
1020 1903 1115 1949 „Est
1147 1902 1300 1940 autem“
1337 1904 1465 1952 inquit
1500 1904 1580 1950 „ita
1604 1903 1814 1952 depravata

330 1981 369 2006 et
400 1974 586 2019 corrupta
617 1984 638 2005 a
669 1969 857 2015 librariis,
906 1975 949 2007 ut
987 1971 1193 2019 aliquoties
1231 1971 1350 2008 fuerit
1389 1971 1482 2008 mihi
1528 1972 1567 2007 in
1598 1971 1724 2010 animo
1757 1982 1813 2006 me

331 2039 525 2075 editurum
560 2051 636 2074 nou
668 2051 750 2074 esse
780 2037 923 2075 illam.“
987 2038 1124 2087 Itaque
1162 2040 1338 2088 quamvis
1368 2052 1445 2076 non
1477 2051 1616 2088 pauca,
1650 2038 1812 2075 maxime

330 2108 451 2156 ipsius
495 2106 707 2143 Camerarii
753 2119 888 2155 opera.
936 2110 1111 2143 correcta
1157 2112 1309 2152 essent,
1363 2112 1494 2144 tamen
1539 2108 1592 2143 ita
1637 2106 1812 2156 deposita

332 2174 538 2210 videbatur
575 2175 668 2211 viris
709 2174 850 2219 doctis,
893 2178 936 2211 ut
975 2187 1061 2211 eam
1101 2188 1147 2211 ne
1178 2175 1396 2224 AEsculapii
1435 2175 1590 2224 quidem
1623 2174 1812 2211 medicina

329 2243 458 2279 sanari
490 2255 603 2290 posse
634 2242 819 2279 dicerent.
889 2228 1062 2279 Tandem
1105 2246 1330 2291 exoptatum
1362 2243 1550 2279 auxilium
1582 2242 1715 2279 attulit
1744 2254 1809 2292 pa-

329 2311 552 2358 limpsestus
582 2309 876 2356 Ambrosianus,
909 2311 975 2359 qui
1006 2311 1152 2347 utinam
1183 2314 1308 2347 totam
1340 2309 1512 2347 fabulam
1538 2304 1825 2347 continuisset!⁸

330 2391 417 2414 nam
451 2379 518 2426 qui
550 2390 649 2414 unus
681 2381 809 2415 exstat
839 2379 1066 2426 quaternio,
1108 2378 1165 2415 vel
1206 2379 1455 2428 potiustres
1494 2381 1625 2427 partes
1655 2381 1808 2426 quater-

331 2446 458 2483 nionis
497 2441 548 2492 (v.
582 2444 762 2483 Schoellii
802 2448 951 2496 praefat.
983 2460 1020 2496 p.
1060 2446 1133 2483 XII
1172 2442 1248 2495 sq.)
1295 2447 1499 2482 maximam
1541 2449 1691 2494 partem
1736 2444 1807 2494 legi

330 2516 556 2563 potuerunt.
620 2512 685 2550 Hae
716 2514 949 2552 membranae
980 2515 1181 2551 continent
1213 2527 1272 2550 VV.
1311 2514 1542 2559 ill—142,
1579 2513 1807 2557 176-315,

333 2581 566 2618 349-387.
627 2581 828 2618 Accedunt
857 2586 1040 2618 extremae
1072 2583 1222 2631 paginae
1261 2594 1394 2631 paucae
1432 2581 1607 2629 quaedam
1647 2580 1806 2624 laciuiae,

331 2649 430 2686 und«¹
470 2649 600 2696 aliqua
641 2650 743 2684 eruit
775 2649 1065 2687 Studenmndus
1105 2648 1157 2696 (v.
1190 2649 1386 2699 Spengelii
1420 2649 1478 2684 ed.
1514 2662 1550 2697 p.
1584 2643 1663 2697 X.).
1739 2646 1806 2684 His

331 2717 487 2753 adiutus
523 2715 706 2752 subsidiis
737 2717 970 2765 Spengelius
1008 2731 1029 2753 a
1065 2719 1168 2754 1868
1210 2716 1379 2753 fabulam
1412 2717 1467 2751 ita
1499 2716 1640 2761 edidit,
1688 2719 1731 2751 ut
1759 2727 1804 2751 ex

331 2789 443 2834 parte
482 2796 581 2821 nova
619 2783 836 2827 videi-etum
881 2785 947 2820 sed
985 2786 1162 2833 quoniam
1204 2785 1241 2820 in
1281 2783 1480 2833 plerisque
1522 2784 1614 2819 solis
1646 2783 1804 2818 nitimur
