2009 3218
792 230 831 265 V.
857 232 1047 265 226—290.
1489 270 1492 274 ,
1583 233 1663 272 473

181 375 267 402 cum
313 359 441 399 tribus
485 359 676 397 trochaeis.
759 360 839 396 282
887 360 1108 398 trochaicus
1153 360 1411 410 septenarius.
1487 360 1566 397 283
1606 372 1664 408 sq.

181 430 336 469 dimetri
373 427 610 478 anapoestici.
685 428 764 465 285
803 430 1034 465 tetrameter
1065 428 1304 466 bacchiacus.
1380 428 1459 465 286
1499 426 1665 465 dimeter

182 497 404 538 bacchiacus
435 496 825 546 hypercatalecticus.
889 496 1082 533 287-88
1113 508 1169 529 ..τ-
1201 498 1409 534 285-86.

292 566 384 604 257.
430 573 521 603 mea
558 574 627 610 ex,
669 563 992 614 episynaloephe,
1031 577 1067 601 v.
1110 564 1262 613 Proleg.
1295 578 1332 614 p.
1367 565 1459 602 214.
1518 573 1666 612 preces

179 632 457 684 &petes-Sunt,
503 636 546 670 ut
576 646 711 683 preces
741 633 895 683 precari
925 631 1007 669 Cat.
1041 631 1086 669 R.
1119 632 1164 670 R.
1202 632 1292 678 134,
1333 633 1379 670 cf.
1411 631 1538 683 Epist.
1571 632 1665 670 Cor·

179 703 290 742 neliae
320 714 382 751 ap.
413 700 531 751 Nep:
592 700 704 748 ¹..Non
743 700 866 751 pudet
902 704 940 737 te
979 713 1113 738 eorum
1153 699 1268 737 deum
1300 713 1436 750 preces
1467 704 1663 751 expetere,

179 783 273 822 quos
311 771 421 808 vivos
458 773 577 819 atque
614 773 827 818 praesentes
865 769 1024 806 relictos
1065 772 1185 818 atque
1217 769 1393 806 desertos
1424 766 1661 807 habueris?“

177 858 232 866 —
271 839 363 876 260.
409 837 706 887 exsequontur,
747 837 792 874 cf.
827 837 873 874 ad
906 836 1023 887 Epid.
1059 838 1152 875 570.
1194 857 1250 862 —
1287 837 1381 874 263.
1428 834 1492 875 sic
1531 836 1664 874 addidi

178 920 311 947 versus
341 919 477 952 causa3
510 905 616 943 Reiz.
650 909 740 942 cett.
772 910 926 956 transp.
962 907 1043 952 „ire
1074 903 1185 943 u0s“.
1227 924 1282 930 —
1321 906 1413 942 264.
1454 901 1666 944 maeste'ter

177 975 286 1015 affert
315 974 504 1012 Priscian.
535 973 607 1010 XV
638 987 676 1023 p.
714 974 831 1012 1010.
870 993 927 999 -—
966 975 1060 1011 265.
1105 969 1230 1021 Ilico,
1271 973 1344 1011 hoc
1375 973 1533 1023 quidem
1563 978 1662 1011 tem-

177 1057 283 1096 pore,
315 1043 361 1081 cf.
393 1043 440 1080 ad
472 1041 580 1080 Trin.
615 1043 708 1079 610.
749 1061 803 1067 —⁴
847 1038 960 1080 haud
999 1038 1162 1091 lon-(mle
1193 1041 1281 1080 edd.
1321 1061 1375 1093 ή-
1423 1043 1515 1079 267.
1563 1051 1665 1091 equo

30 1109 49 1162 *y
177 1108 311 1163 ligmeo
341 1110 442 1158 edd„
475 1111 499 1147 i.
527 1123 558 1146 e.
585 1111 689 1148 navi.
722 1130 775 1135 —
809 1111 901 1148 269.
933 1106 1147 1156 hostiatas,
1181 1124 1266 1148 cum
1298 1110 1450 1148 hostiis.
1482 1129 1535 1135 —
1570 1111 1663 1148 271.

66 1175 70 1185 ¹
181 1176 342 1230 Quaene
371 1179 563 1225 Muretus,
595 1191 632 1215 v.
665 1178 713 1216 ad
744 1179 887 1229 Amph.
923 1179 1016 1217 690.
1047 1199 1102 1204 —
1139 1180 1231 1217 272.
1263 1175 1454 1223 uoluisti,
1487 1179 1535 1216 cf.
1570 1179 1664 1216 229.

176 1249 318 1287 Versus
355 1260 471 1285 causa
510 1247 713 1296 Spengel.:
765 1248 953 1294 „uoluisti
997 1247 1072 1285 huc
1112 1246 1310 1298 adigere“.
1387 1246 1588 1285 Charisius
1626 1246 1664 1284 ΙΙ

175 1331 214 1370 p.
241 1318 318 1355 198
343 1315 474 1353 affert:
519 1315 648 1363 „unde
670 1328 740 1353 nos
764 1315 915 1353 hostias
939 1327 1055 1364 agere
1079 1315 1298 1354 uoluisti?‘'
1343 1335 1396 1341 --
1437 1317 1516 1353 274
1549 1314 1664 1353 affert

174 1385 321 1424 Gellius
358 1383 434 1431 IX,
471 1385 542 1431 12,
578 1385 650 1430 213
697 1383 846 1422 Nonius
886 1399 924 1435 p.
970 1385 1045 1422 145
1088 1390 1292 1434 corrupte:
1345 1397 1468 1434 „quae
1507 1385 1546 1420 in
1577 1370 1664 1422 loco

175 1455 208 1493 si
235 1454 370 1500 nescis,
402 1453 534 1490 nescia
564 1465 652 1502 spes
678 1451 851 1490 sumna-3³⁴.
913 1450 1054 1491 nescia
1080 1462 1164 1502 spe,
1197 1454 1222 1490 i.
1248 1465 1282 1490 e.
1308 1454 1536 1499 nescientes,
1569 1452 1665 1502 quid

175 1534 384 1574 speremus.
444 1520 662 1559 Francken.
696 1535 734 1572 p.
762 1522 814 1558 40
840 1523 941 1559 coni.
972 1522 1148 1568 „nesciae
1180 1519 1330 1571 ipsae“,
1363 1521 1432 1559 sed
1464 1521 1535 1559 hoc
1566 1521 1664 1558 nihil

174 1590 279 1630 aliud
308 1593 412 1628 esset
442 1603 559 1640 quam
588 1587 636 1628 in
666 1586 769 1628 locis
792 1585 962 1636 nesciis,
996 1590 1020 1626 i.
1042 1603 1074 1627 e.
1092 1592 1250 1638 ignotis
1282 1590 1329 1627 cf.
1356 1589 1405 1626 ad
1429 1589 1543 1640 Capt.
1569 1591 1663 1627 264.

174 1747 228 1754 —
257 1728 350 1765 278.
381 1723 481 1765 hoc.
501 1757 509 1764 .
530 1755 538 1764 .
557 1758 564 1765 .
585 1736 707 1775 quam
737 1723 849 1776 quod
877 1723 1012 1774 uides,
1045 1728 1282 1777 epexegesis,
1315 1740 1354 1764 v.
1370 1726 1419 1763 ad
1436 1727 1544 1764 Asin.
1563 1727 1658 1764 432.

174 1814 223 1822 —
263 1796 354 1834 282.
392 1792 526 1834 uitam
557 1791 656 1841 colo,
688 1788 877 1841 sustento,
910 1795 958 1832 cf.
994 1795 1082 1833 Ter.
1116 1795 1256 1834 Heaut.
1294 1795 1392 1833 136:
1444 1795 1562 1842 „dum
1594 1795 1660 1832 ille

85 1855 106 1889 ’ᾇ
172 1865 290 1902 uitam
330 1864 437 1910 illam
474 1864 575 1901 colet
614 1861 811 1913 inopem“.
851 1883 898 1888 --
945 1858 1033 1902 cibo
1071 1873 1171 1910 meo,
1217 1863 1403 1905 αὐτόσιτος
1434 1863 1576 1900 Athen.
1609 1863 1662 1900 VI

172 1945 210 1984 p.
242 1933 334 1970 248.
364 1952 419 1958 —
458 1928 613 1972 Ueneri
642 1935 681 1969 et
710 1929 851 1970 seru-io
882 1932 970 1970 edd.
1005 1952 1057 1957 ——
1100 1933 1193 1969 284.
1226 1928 1351 1979 clueo,
1386 1932 1506 1978 dicor,
1537 1944 1576 1970 V.
1609 1931 1658 1968 ad

172 1999 273 2039 Men.
307 2001 400 2039 840.
431 2021 487 2026 -
518 2001 613 2038 286.
654 2010 745 2050 quo,
779 2000 828 2037 ad
860 2013 975 2050 quem
1005 2000 1134 2048 finem,
1167 2000 1214 2038 cf.
1247 1999 1429 2050 Spengel.
1459 2000 1657 2038 Reformv.

172 2082 210 2120 p.
242 2069 318 2107 221
351 2082 409 2118 sq.
463 2067 542 2105 Fl.:
581 2066 776 2118 „quoad“.
814 2089 870 2094 —
908 2070 1002 2107 287.
1041 2065 1254 2115 honorem,
1288 2068 1335 2106 cf.
1368 2067 1467 2106 Gell.
1499 2067 1588 2116 XII,
1621 2069 1659 2116 9,

70 2123 107 2195 ..⁰5
171 2137 196 2176 4
223 2149 282 2187 sq.
312 2150 360 2175 ex
389 2136 552 2174 Metello
583 2136 814 2174 Numidico:
865 2141 1000 2184 „tanto
1042 2137 1107 2174 ille
1146 2136 1260 2174 uobis
1301 2149 1416 2185 quam
1451 2135 1543 2173 mihi
1574 2137 1660 2186 pei-

172 2218 276 2244 orem
320 2205 510 2243 honorem
557 2203 743 2252 habaiu-‘3
795 2206 927 2250 „cuius
965 2204 1100 2243 verbi³⁵
1151 2206 1280 2254 inquit
1329 2205 1548 2251 „sententia
1586 2210 1658 2251 est,

171 2285 283 2324 quam
319 2275 403 2325 ipse
441 2287 598 2324 quoque
635 2286 756 2323 supra
793 2274 906 2311 dicit:
962 2274 1108 2310 maiore
1152 2286 1221 2311 vos
1267 2272 1400 2310 affecit
1439 2274 1583 2310 iniuria
1622 2278 1659 2310 et

115 2339 125 2395 Ἰ
170 2343 401 2380 contumelia
431 2355 547 2393 quam
580 2339 681 2379 me“.
744 2342 799 2379 Cf.
832 2354 952 2390 supra
987 2342 1078 2379 194.
1111 2360 1165 2366 —-
1198 2341 1291 2378 288.
1329 2341 1534 2387 nostrum,
1566 2343 1591 2379 i.
1624 2354 1657 2378 e.

169 2412 304 2449 nostri.
364 2410 535 2459 Langen.
560 2424 596 2460 p.
628 2411 705 2447 132
732 2410 881 2447 confert
904 2423 938 2447 v.
968 2410 1088 2447 1132.
1150 2409 1270 2455 Quod¹
1295 2413 1425 2447 autem
1455 2411 1659 2459 genetivus

168 2479 328 2527 ponitur
357 2491 430 2528 pro
461 2478 594 2516 dativo
628 2474 787 2526 (nobis),
821 2492 855 2514 v.
889 2477 1023 2515 Madv.
1056 2477 1102 2514 ad
1135 2476 1213 2515 Cic.
1245 2477 1334 2515 Fin.
1365 2476 1414 2526 ΙΙ,
1451 2478 1487 2526 9,
1522 2479 1588 2516 27.

279 2684 372 2721 289.
424 2683 646 2721 Piscatores
697 2683 892 2721 matutino
938 2686 1116 2733 tempore
1161 2683 1211 2720 ad
1255 2684 1451 2734 piscatum
1497 2687 1654 2720 exeunt.

169 2747 295 2788 citato
333 2751 458 2800 gradu
497 2752 701 2799 incedunt,
749 2765 784 2789 v.
819 2751 984 2797 Quintil.
1014 2750 1090 2797 XI,
1124 2751 1169 2798 3,
1205 2751 1303 2797 1123
1351 2751 1528 2788 iambicis
1569 2764 1657 2800 sep-

167 2818 327 2856 tenariis
364 2818 591 2869 loquuntur.
634 2839 685 2844 —-
726 2821 818 2857 290.
865 2818 1075 2869 quaestus.
1136 2819 1328 2865 Quoniam
1358 2820 1550 2869 piscat-um
1582 2832 1655 2870 pro

174 1679 227 1686 -—
243 1659 336 1697 277.
368 1654 503 1697 locust
518 1659 642 1706 Reiz„
678 1655 787 1705 ,‚est“
808 1671 881 1696 om.
901 1658 982 1705 Fl.;
1015 1657 1216 1709 Spengel.:
1254 1671 1349 1704 „uec
1365 1658 1472 1695 locus
1490 1657 1661 1696 nullus“.
1739 1686 1744 1690 -
