2009 3218
239 222 242 225 ⁴
293 191 374 230 632
464 152 474 164 .
889 186 1148 221 Truculentus.

292 329 383 355 rure
414 314 620 356 infaceto“.
651 334 706 339 --
737 311 809 364 qui
838 313 931 352 tuae
960 315 1006 352 A.
1039 334 1092 339 —
1133 315 1224 353 353.
1264 311 1415 353 amicae
1444 311 1674 353 Diniarche
1706 325 1768 354 sa-

292 382 407 423 nium
424 384 469 420 A.
498 402 544 407 —-
581 382 659 419 354
691 382 819 419 hiatus
848 382 887 419 in
919 395 1076 420 caesura.
1104 401 1151 407 —
1185 378 1348 430 itepide,
1379 383 1539 432 plector,
1574 382 1620 420 cf.
1647 382 1767 421 Stich.

295 454 392 490 749:
428 450 614 500 „uapulat
642 446 878 499 peculium“.
925 450 1046 498 atque
1069 447 1182 497 adeo,
1213 453 1251 486 et
1276 450 1445 498 quidem,
1478 449 1523 487 cf.
1543 449 1653 487 Cure.
1671 451 1767 488 333.

292 540 346 545 —
379 521 470 557 355.
515 513 626 566 Quor
656 516 800 566 Gepp.‚
840 531 876 554 v.
908 516 956 554 ad
986 517 1126 568 Amph.
1161 518 1253 554 892.
1293 536 1344 542 -
1384 513 1514 555 Salua
1543 514 1607 555 sis
1636 518 1683 554 A.
1715 537 1769 543 —

294 588 385 625 356.
416 582 571 624 Hicine
600 594 721 623 cenas
751 581 870 623 hodie
900 584 946 622 A.
980 605 1032 609 —
1075 584 1152 622 357
1191 588 1296 622 recte
1326 584 1372 622 A.
1442 584 1614 622 Delicias
1642 585 1770 622 facere

290 656 440 704 incipit,
473 653 539 690 sed
572 653 737 703 amplius
767 653 952 691 invitatus
983 652 1098 690 cedit.
1124 671 1178 677 —
1210 653 1301 690 358.
1334 648 1495 690 lubente
1520 653 1564 689 A.
1590 672 1644 677 —
1676 653 1769 691 360.
1799 690 1804 694 ,

301 718 453 767 Uelini,
485 718 526 758 si
551 750 586 758 ..
604 717 763 769 possit,
803 735 838 758 v.
870 720 919 758 ad
950 720 1056 757 Pers.
1090 721 1182 757 216.
1224 738 1276 744 —-
1321 714 1428 758 Cedo
1458 715 1613 765 soleas,
1653 734 1689 758 v.
1722 721 1771 758 ad

291 790 408 827 Most.
446 790 537 827 376.
604 788 715 834 Quod
745 789 785 825 in
817 789 848 824 A
881 787 1037 825 additur
1072 784 1217 835 ‚‚puer“
1251 787 1511 836 repudiarunt
1541 788 1615 824 viri
1653 787 1770 834 docti,

293 859 386 907 quia
422 856 527 906 apud
557 856 736 893 Plautum
775 855 978 892 vocativus
1019 851 1190 903 ,‚puere'“
1233 867 1314 891 esse
1354 854 1491 891 solet..
1542 854 1596 893 Ut
1625 859 1669 892 ut
1699 859 1770 902 est,

293 926 413 963 ceteri
453 923 563 962 codd.
596 920 698 961 mihi
737 923 924 974 praebent.
1003 922 1196 971 Loquitur
1234 925 1363 959 autem
1403 923 1513 971 quasi
1552 923 1771 961 convivium

290 996 366 1030 iam
397 992 607 1030 ineundum
639 992 702 1037 sit,
735 990 971 1039 simulatque
1003 991 1132 1027 omnia
1163 990 1297 1027 eodem
1328 989 1441 1027 modo
1474 1003 1550 1039 quo
1581 989 1772 1028 Charinus

291 1062 331 1098 in
369 1060 530 1098 Mercat.
572 1060 650 1096 910
690 1071 774 1107 sqq.
849 1058 976 1107 Ipsius
1020 1070 1117 1106 puer
1162 1057 1292 1095 nullus
1337 1057 1490 1104 aderat,
1537 1058 1605 1106 qui
1649 1058 1772 1096 soleas

293 1129 464 1167 auferret
494 1131 561 1164 aut
591 1126 725 1172 darei-,3
758 1125 960 1162 Phronesii
984 1125 1131 1162 ancillae
1156 1126 1298 1162 adsunt
1320 1125 1397 1161 illae
1422 1125 1591 1174 quidem,
1623 1139 1657 1163 v.
1679 1127 1771 1174 383,

291 1197 360 1234 sed
391 1209 523 1233 mensa
553 1208 629 1231 non
661 1194 840 1243 apposita
870 1196 941 1230 est.
987 1213 1042 1217 —
1088 1194 1181 1230 362.
1227 1189 1365 1230 animo
1402 1189 1508 1230 male
1538 1192 1616 1240 est,
1655 1206 1690 1231 v.
1723 1193 1772 1230 ad

292 1263 432 1314 Amph.
470 1262 587 1300 1074.
627 1281 681 1286 -—
722 1262 814 1298 363.
852 1255 923 1309 fiet
953 1261 1003 1307 A,
1045 1260 1090 1297 cf.
1124 1260 1173 1297 ad
1203 1260 1323 1297 Mero.
1356 1262 1448 1298 485.
1484 1279 1532 1285 ·-
1568 1257 1637 1298 Ali
1667 1261 1770 1298 Cam.

294 1350 347 1356 —
379 1325 600 1378 aspersisti
630 1339 792 1379 aquam,
826 1329 872 1367 cf.
905 1328 1043 1365 Bacch.
1070 1329 1162 1366 244.
1197 1348 1244 1353 ——
1281 1329 1372 1381 364.
1405 1323 1540 1366 bibam
1571 1329 1614 1376 A,
1646 1330 1692 1366 cf.
1725 1328 1773 1366 ad

292 1398 408 1436 Most.
444 1399 534 1436 365.
568 1417 621 1422 -—
655 1398 746 1435 366.
778 1392 948 1434 Benene
976 1391 1299 1434 ambulatumst?
1328 1395 1374 1442 A,
1406 1397 1451 1433 cf.
1479 1397 1527 1433 ad
1552 1397 1659 1434 Asin.
1681 1398 1770 1435 107.

293 1486 346 1491 ——
381 1467 472 1504 367.
503 1462 678 1504 uidendi
709 1461 825 1513 copia
857 1463 919 1501 est
949 1465 993 1501 A.
1025 1483 1078 1489 —
1111 1465 1202 1502 368.
1234 1460 1354 1509 Heia,
1387 1460 1460 1501 hoe
1490 1464 1553 1502 est
1580 1461 1699 1503 melle
1723 1466 1769 1502 A.

294 1554 342 1559 —-
393 1535 484 1572 369.
531 1529 642 1579 Hoc,
683 1531 789 1581 quod
820 1531 1073 1569 Phronesium
1116 1532 1399 1580 complectitur.
1443 1551 1491 1556 —
1536 1533 1628 1571 370.
1675 1529 1774 1571 Dan

293 1601 396 1639 Cam.
425 1621 474 1626 —
507 1597 590 1638 Em
615 1605 652 1638 et
677 1610 720 1638 es
745 1601 791 1637 A.
857 1599 977 1646 „Eam
1009 1599 1057 1636 ob
1089 1612 1240 1637 causam
1264 1613 1415 1650 pauper
1438 1600 1562 1637 factus
1586 1614 1638 1647 es,
1671 1601 1774 1650 quod

292 1671 406 1719 plura
446 1659 539 1706 mihi
579 1669 757 1718 polliceri
798 1671 838 1704 et
876 1667 1022 1704 donare
1059 1667 1211 1705 solebas
1250 1681 1364 1716 quam
1410 1681 1480 1717 ego
1525 1666 1772 1718 poscebam“.
1839 1681 1843 1685 ·

293 1736 358 1786 sp.
405 1737 451 1774 cf.
485 1736 585 1774 Rud.
623 1737 741 1774 1221.
789 1723 845 1760 —'
895 1736 986 1773 371.
1028 1732 1098 1774 abs
1139 1736 1174 1773 te
1204 1745 1334 1783 posco
1372 1736 1442 1773 aut
1473 1738 1515 1772 A.
1592 1736 1773 1782 Quamvis

296 1804 388 1852 „abs
419 1809 456 1841 te
487 1802 627 1853 posco“
664 1803 887 1840 Plautinum
919 1817 995 1841 non
1019 1794 1084 1850 sit,
1117 1804 1298 1853 quoniam
1315 1800 1533 1852 postulare
1557 1800 1606 1841 ab
1631 1800 1774 1853 aliquo

292 1872 514 1910 Plautinum
546 1875 616 1917 est,
649 1885 683 1909 v.
703 1871 813 1921 Capt.
834 1872 924 1913 933,
959 1872 1004 1909 cf.
1033 1871 1158 1908 Caecil.
1189 1873 1279 1909 139.
1325 1871 1413 1909 Ter.
1431 1871 1530 1908 And.
1560 1873 1650 1909 551.
1680 1872 1771 1918 823,

291 1943 455 1989 utroque
474 1939 594 1977 verbo
611 1941 744 1976 iuncto
762 1937 921 1976 offensio
937 1939 1104 1985 tollitur,
1133 1953 1202 1976 nec
1219 1952 1303 1976 cum
1324 1939 1544 1976 Abrahamo
1562 1940 1661 1976 Ann.
1678 1939 1772 1988 phil.

292 2008 429 2058 Suppl.
447 2007 536 2044 XIV
555 2020 591 2056 p.
615 2008 690 2045 186
710 2012 927 2044 ceterorum
958 2020 1097 2057 „quam
1126 2020 1196 2056 ego
1219 2012 1297 2044 ate
1314 2003 1494 2056 postulo“
1523 1999 1700 2056 pr'aefero.
1721 2026 1771 2031 —

294 2077 385 2113 372.
410 2073 629 2124 parsisses
661 2075 801 2123 Bergk.
834 2075 954 2112 Beitr.
979 2088 1016 2124 p.
1045 2062 1214 2112 136.'—
1241 2075 1332 2112 373.
1364 2071 1543 2122 repercz's
1565 2072 1700 2112 saulis
1726 2075 1771 2123 A,

292 2144 338 2180 cf.
371 2143 488 2180 Most.
528 2144 618 2180 121.
649 2162 705 2167 —-
738 2144 828 2180 374.
868 2138 1096 2191 Compendi
1126 2138 1273 2189 facere,
1307 2156 1341 2179 v.
1374 2142 1421 2179 ad
1453 2143 1559 2179 Asin.
1595 2143 1686 2180 305.
1718 2161 1772 2167 —-

291 2204 445 2256 factum
477 2212 520 2247 A.
562 2230 616 2235 —-
657 2212 733 2247 375
776 2224 822 2247 ex
851 2211 896 2248 A.
957 2207 1060 2248 mihi
1097 2210 1218 2259 atque
1249 2206 1379 2248 oculis
1408 2207 1519 2247 meis.
1581 2208 1645 2259 Sp.
1679 2222 1770 2247 con-

289 2279 367 2315 fert
398 2278 502 2314 Trin.
539 2279 637 2316 395:
676 2279 924 2325 „consolatur
953 2292 1013 2316 me
1045 2283 1161 2328 atque
1192 2279 1360 2315 animum
1391 2275 1558 2315 meum“.
1593 2296 1645 2302 -—
1678 2278 1769 2315 377.

289 2342 576 2384 meministin?
606 2345 747 2394 Bergk.
780 2346 902 2384 Beitr.
931 2360 966 2396 p.
997 2347 1086 2383 134.
1151 2346 1266 2392 ..dum
1298 2346 1401 2382 uixi“
1438 2345 1674 2394 significaret
1708 2346 1772 2390 „in

289 2415 372 2451 uita
402 2411 525 2460 mea“‚
555 2418 600 2449 ut
631 2426 670 2450 se
703 2414 849 2451 diceret
879 2417 959 2451 tam
1003 2414 1068 2451 diu
1100 2415 1260 2459 vixisse,
1302 2413 1486 2463 quamdiu
1518 2413 1770 2450 Phronesium

289 2495 329 2519 se
361 2485 521 2526 amaret,
554 2481 657 2530 quod
689 2495 828 2530 parum
860 2483 941 2519 veri
973 2482 1099 2519 simile
1131 2487 1201 2519 est.
1227 2501 1280 2506 —
1307 2482 1398 2519 378.
1431 2475 1699 2518 sordebamus
1722 2479 1768 2517 A.

291 2545 394 2587 alter
434 2546 481 2587 cle
525 2544 655 2586 altero
700 2550 791 2586 item
833 2554 875 2586 ut
914 2549 1028 2599 Epid.
1073 2551 1174 2597 4423
1222 2550 1289 2586 sed
1333 2553 1500 2598 utroque
1546 2549 1630 2585 loco
1666 2557 1772 2596 prae

289 2617 535 2654 scribendum
582 2617 754 2663 videtur,
801 2622 845 2654 ut
892 2618 983 2654 Hor.
1022 2617 1095 2667 Ep.
1129 2617 1163 2663 Ι,
1210 2619 1276 2662 11,
1319 2618 1362 2653 4:
1413 2616 1632 2662 „Cunctnue
1676 2628 1770 2666 prae

288 2684 432 2735 Campo
465 2688 504 2721 et
534 2683 718 2721 Tiberino
751 2684 905 2722 flumine
937 2682 1151 2722 sordent‘?“
1216 2684 1433 2733 Utrumque
1467 2696 1535 2720 sua
1567 2682 1769 2721 commoda

288 2765 368 2802 prae
401 2753 560 2790 alterius
591 2753 868 2800 contempsisse
900 2753 1006 2790 dicit.
1031 2772 1085 2777 --
1120 2754 1210 2790 379.
1244 2749 1354 2802 quod
1375 2752 1420 2789 A.
1446 2770 1499 2776 -
1527 2752 1616 2788 380.
1654 2746 1772 2799 Quod
