2009 3218
162 224 230 266 III,
264 226 292 259 1.
320 222 454 257 52—70
853 221 971 254 Persa

803 347 1015 388 Saturio

162 421 216 463 Et
246 419 302 470 id,
336 424 383 460 ut
414 424 618 472 surrupta
650 418 813 459 fucris?

830 496 988 549 Uirgso

867 568 1004 610 Docte
1037 570 1188 611 calleo.

797 649 1012 690 Saturio

159 723 214 764 Et
245 723 317 776 qui
350 726 553 776 parentes
584 721 771 762 fuerint?

822 793 982 843 UeTrJJo

826 864 976 907 Habeo
1008 866 1048 906 in
1085 868 1301 907 memoria.

156 938 428 980 Necessitate
459 951 537 987 me,
573 937 685 978 mala
718 943 764 979 ut
796 936 907 981 fiam,
940 936 1066 988 facis3

157 1009 314 1053 Uerum
348 1009 509 1059 uideto,
543 1023 608 1050 me
641 1009 713 1051 ubi
748 1009 869 1050 uoles
901 1014 1085 1063 nuptum
1119 1010 1234 1058 dare,

154 1081 216 1124 Ne
247 1081 353 1123 haec
384 1081 499 1123 fama
529 1082 665 1124 faciat
695 1081 955 1136 repudiosas
989 1083 1174 1136 nuptias.

792 1162 824 1203 S
835 1177 858 1202 (ι
874 1166 921 1202 tu
933 1176 954 1202 *r
968 1163 1012 1201 io

154 1234 278 1283 Tace,
311 1234 468 1286 stulta3
501 1248 585 1276 non
619 1239 666 1275 tu
699 1247 812 1276 nunc
843 1233 1062 1275 hominum
1097 1248 1237 1276 mores
1269 1236 1422 1278 uides?

153 1304 453 1356 Quoiuismodi
486 1307 555 1347 hic
587 1320 683 1348 cum
716 1309 830 1348 fama
861 1306 988 1347 facile
1020 1306 1208 1348 nubitur.

152 1378 263 1420 Dum
295 1379 372 1420 dos
403 1379 472 1423 sit,
506 1379 669 1420 nullum
705 1379 858 1420 uitium
891 1379 998 1420 uitio
1030 1379 1232 1420 uortitur.

822 1457 980 1510 Uli-510

154 1531 264 1585 Ergo
296 1533 410 1574 istuc
440 1531 574 1573 facito
608 1536 656 1572 ut
690 1532 835 1572 ueniat
865 1532 909 1572 in
942 1535 1128 1572 mentem
1160 1531 1253 1581 tibi,

152 1603 221 1646 Me
253 1617 346 1646 esse
379 1605 635 1647 indotatam.

788 1675 1010 1717 Saturio

697 1748 812 1790 Caue
844 1748 902 1790 sis
933 1752 980 1790 tu
1012 1749 1125 1790 istuc
1157 1749 1330 1792 dixeris.

151 1822 227 1864 Pol
260 1821 385 1864 deum
418 1822 581 1862 uirtute
614 1821 753 1862 dicam
787 1826 830 1862 et
863 1822 1074 1862 maiorum
1106 1835 1259 1868 meum,

150 1893 213 1936 Ne
245 1898 287 1935 te
319 1893 562 1935 indotatam
594 1893 726 1937 dicas.
760 1895 862 1948 quoi
895 1894 972 1935 dos
1006 1895 1063 1935 sit
1094 1893 1222 1936 domi.

153 1966 382 2008 Librorum
413 1966 611 2008 eccillum
644 1966 783 2008 habeo
818 1966 993 2019 plenum
1026 1981 1240 2008 soracum.

152 2038 195 2081 Si
225 2038 308 2081 hoc
340 2038 585 2081 adcurassis
617 2038 773 2092 lepide,
807 2040 909 2092 quoi
941 2041 1003 2081 rei
1036 2053 1212 2093 operam
1244 2039 1410 2089 damus,

151 2111 381 2153 Dabuntur
414 2110 528 2153 dotis
560 2111 639 2153 tibi
672 2112 772 2153 inde
805 2113 994 2153 sescenti
1024 2111 1123 2165 logi,

150 2184 292 2238 Atque
324 2184 458 2226 Attici
490 2197 660 2235 omnes;
691 2184 858 2225 nullum
891 2183 1081 2225 Siculum
1116 2185 1349 2238 acceperis.

152 2254 259 2298 Cum
289 2256 370 2298 hac
403 2256 505 2298 dote
536 2258 700 2311 poteris
733 2255 803 2297 uel
834 2255 1029 2298 mendico
1062 2256 1239 2298 nubere.

826 2335 983 2389 Uiryo

152 2408 263 2459 Quin
294 2414 341 2450 tu
375 2423 440 2450 me
476 2408 612 2459 ducis,
645 2410 681 2451 si
714 2422 799 2462 quo
832 2408 1068 2461 ducturu’s,
1102 2410 1256 2463 pater?

152 2480 232 2523 Uel
261 2485 309 2523 tu
340 2495 407 2523 me
439 2481 579 2522 uende
612 2481 683 2523 uel
713 2480 807 2522 face
840 2481 1048 2534 quidquid
1078 2481 1159 2523 tibi
1190 2481 1324 2524 lubet.

1605 224 1655 259 39

1586 880 1652 914 380

1583 1321 1649 1354 385

1580 1907 1647 1940 390

1581 2267 1647 2302 395

265 2641 332 2675 379
356 2640 404 2674 Et
430 2643 472 2673 ut
498 2652 519 2674 u
536 2664 543 2672 .
570 2640 601 2673 A
677 2642 741 2675 381
769 2639 968 2675 necesitate
996 2640 1027 2672 A
1107 2642 1173 2675 334
1199 2641 1353 2675 stultam
1380 2641 1414 2675 B
1485 2641 1552 2675 385
1579 2639 1646 2674 Cu-

152 2698 311 2732 iusmodi
338 2699 383 2741 A,
409 2708 482 2742 quo
508 2699 564 2732 uis
591 2697 691 2732 modi
719 2697 785 2731 Bc
859 2698 956 2731 mala
981 2698 1078 2731 fama
1102 2697 1170 2733 BC
1245 2700 1310 2733 386
1339 2698 1436 2733 dosit
1461 2698 1495 2732 A

1583 2698 1649 2732 389

153 2756 237 2790 dico
251 2756 286 2788 A
380 2756 443 2789 391
473 2766 558 2789 0000
578 2755 679 2788 illum
699 2756 727 2789 C
807 2755 955 2798 plenum
980 2755 1083 2789 illum
1110 2767 1277 2790 soracum
1294 2757 1324 2790 A
1410 2756 1476 2789 393
1501 2755 1589 2799 log.i
1604 2755 1647 2789 A.

153 2812 255 2856 longi
280 2812 348 2847 Bc*
440 2813 506 2847 395
530 2817 680 2856 poteras
710 2814 737 2846 C
829 2813 895 2846 397
921 2812 1008 2855 quid
