2009 3218
187 977 322 1042 Persae
353 1009 626 1053 argumentum
659 1006 757 1043 exile
790 1011 858 1043 est.
924 1007 1086 1044 Amores
1118 1020 1193 1044 non
1227 1007 1440 1045 liberorum
1474 1008 1673 1046 hominum

186 1073 253 1110 sed
284 1086 483 1110 servorum
522 1077 679 1111 tractat.
754 1074 936 1119 Toxilus,
981 1076 1067 1124 qui,
1114 1075 1203 1112 dum
1243 1075 1360 1112 herus
1397 1089 1564 1126 peregre
1604 1081 1672 1122 est,

186 1142 425 1180 condicionis
465 1154 543 1179 suae
584 1141 732 1179 oblitus
771 1145 810 1179 in
852 1144 1038 1180 conviviis
1077 1148 1117 1180 et
1155 1143 1351 1181 amoribus
1390 1145 1511 1181 vitam
1552 1145 1672 1193 degit,

186 1209 480 1247 Lemniselenen
498 1214 616 1256 amat,
638 1211 878 1247 mere-tricem
898 1211 1072 1248 Dordalo
1090 1212 1218 1249 lenoni
1237 1212 1482 1258 servientem,
1511 1226 1674 1262 eamque

187 1278 352 1315 liberare
383 1280 504 1328 cupit,
537 1278 605 1315 sed
636 1281 839 1327 sexaginta
862 1293 1050 1326 nummos,
1084 1293 1182 1329 quos
1209 1281 1296 1316 leno
1319 1293 1392 1330 pro
1418 1294 1462 1317 oa
1485 1282 1673 1331 postulat,

186 1359 262 1384 non
307 1347 437 1384 habet.
521 1346 601 1384 Nec
641 1347 857 1396 Sagaristio
903 1348 1069 1394 amicus,
1114 1349 1279 1385 alterius
1324 1349 1480 1386 familiae
1525 1362 1672 1397 servus,

186 1416 294 1452 cuius
325 1416 514 1452 auxilium
544 1415 743 1464 implorat,
778 1429 934 1453 nummo
967 1416 1085 1453 ditior
1117 1419 1186 1453 est.
1262 1415 1337 1454 Sed
1375 1417 1468 1454 dum
1501 1421 1675 1455 amantes

184 1483 363 1534 epistolis
396 1485 499 1520 inter
529 1497 569 1521 se
602 1484 731 1521 missis
762 1497 802 1522 se
833 1485 872 1521 in
905 1485 1025 1521 vicem
1057 1485 1252 1522 consolari
1285 1489 1496 1533 conantur,
1537 1486 1674 1523 fraude

187 1555 227 1589 et
256 1552 421 1589 fallaciis
452 1565 513 1589 res
545 1551 593 1588 ad
625 1553 770 1589 exitum
802 1553 1042 1602 perducitur.
1114 1552 1373 1601 Sagaristioni
1405 1554 1507 1591 enim
1538 1558 1674 1591 contra

187 1621 409 1671 opinionem
441 1620 639 1658 luculenta
671 1621 822 1658 occasio
854 1621 1036 1667 offertur,
1076 1634 1194 1670 quum
1228 1633 1312 1658 eum
1343 1621 1460 1659 herus
1491 1621 1540 1658 ad
1571 1635 1672 1659 mer-

186 1693 314 1726 catum
346 1690 468 1726 mittit
498 1692 542 1725 ut
567 1689 682 1726 boves
707 1692 824 1736 emat,
857 1693 896 1726 et
926 1689 973 1726 ad
1005 1703 1088 1726 eam
1114 1702 1196 1726 rem
1220 1694 1380 1739 argento
1405 1694 1530 1727 ornat.
1587 1690 1672 1736 Quo

187 1760 350 1804 argento
391 1759 599 1807 postquam
630 1756 792 1794 Toxilus
830 1757 997 1807 puellam
1039 1757 1221 1803 redemit,
1269 1757 1346 1794 alio
1388 1762 1427 1794 et
1470 1758 1673 1795 callidiore

186 1826 345 1862 consilio
376 1830 576 1874 argentum
610 1824 865 1875 Sagaristioni
904 1827 1092 1863 restituit.
1167 1825 1365 1863 Saturioni
1397 1828 1518 1873 enim,
1557 1840 1672 1877 para-

185 1894 261 1931 sito
293 1907 376 1941 suo,
408 1895 637 1944 persuadet,
677 1898 723 1931 ut
752 1894 870 1931 filiam
903 1895 1092 1942 virginem
1125 1895 1236 1942 quasi
1267 1906 1418 1931 servam
1449 1907 1496 1931 ex
1525 1895 1673 1932 Arabia

185 1961 387 1999 advectam
419 1962 514 1999 dicis
546 1976 662 2000 causa
692 1963 823 2000 lenoni
855 1962 1011 1999 vendat.
1087 1962 1306 2009 Sagaristio
1345 1962 1473 2000 Persae
1504 1975 1673 2012 persona

185 2035 385 2081 assumpta
421 2033 531 2080 quasi
573 2031 621 2068 ab
652 2031 745 2068 hero
776 2031 904 2068 Toxili
935 2032 1073 2067 missus
1104 2031 1296 2080 virginem
1328 2030 1509 2077 adducit,
1556 2044 1672 2080 quam

184 2099 272 2137 leno
303 2101 506 2148 sexaginta
535 2100 651 2137 minis
681 2101 786 2137 emit.
858 2098 942 2145 Quo
973 2099 1076 2136 facto
1107 2100 1242 2135 statim
1272 2101 1388 2148 pater
1420 2099 1531 2136 adest
1563 2100 1668 2149 puel-

184 2167 339 2218 lamque
376 2168 415 2205 in
453 2167 677 2206 libertatem
708 2167 883 2206 vindicat
919 2171 960 2203 et
998 2167 1175 2204 lenonem
1217 2167 1266 2204 ad
1295 2170 1503 2216 praetorem
1536 2168 1669 2206 trahit.

185 2235 344 2273 Toxilus
383 2249 468 2274 cum
506 2237 649 2274 liberta
688 2241 727 2274 et
765 2236 1030 2285 Sagaristione
1074 2235 1293 2272 convivium
1339 2236 1524 2273 instituit.
1601 2236 1671 2273 Cui

183 2317 303 2353 quum
347 2318 437 2342 casu
475 2307 687 2343 intervenit
729 2304 925 2342 Dordalus
962 2303 1143 2340 damnum
1184 2316 1295 2340 suum
1342 2305 1558 2341 miserrime
1604 2305 1670 2341 de-

184 2372 357 2423 plorans,
390 2386 411 2410 a
441 2374 563 2411 servis
594 2373 843 2422 impudenter
872 2371 1067 2409 illuditur.

299 2442 423 2479 Huius
454 2441 594 2478 fabulae
625 2443 832 2491 praecipuae
863 2452 1040 2488 personae
1071 2440 1172 2477 servi
1203 2443 1313 2485 sunt,
1347 2453 1512 2489 quorum
1545 2454 1670 2478 mores

185 2523 304 2559 quum
328 2510 476 2559 optime
503 2510 767 2559 depingantur
791 2514 829 2545 et
851 2510 981 2545 omnia
997 2521 1081 2545 cum
1100 2521 1249 2545 summa
1265 2508 1468 2545 hilaritate
1491 2514 1668 2558 agantur,

185 2577 234 2614 ad
265 2579 385 2615 risum
420 2577 651 2614 movendum
685 2578 887 2627 aptissima
919 2581 988 2613 est.
1063 2575 1138 2613 Sed
1169 2581 1213 2613 ut
1243 2580 1512 2626 argumentum
1545 2578 1669 2626 ipsum

186 2646 284 2682 exile
301 2651 341 2682 et
357 2646 527 2683 solutum
546 2651 616 2692 est,
641 2647 697 2682 ita
713 2647 872 2682 minime
890 2644 1093 2693 aequaliter
1120 2644 1348 2694 explicatur,
1374 2648 1414 2680 et
1431 2657 1671 2694 quaecunque

184 2726 261 2751 non
300 2717 380 2751 tam
422 2714 469 2751 ad
509 2715 628 2751 risum
669 2713 898 2751 movendum
937 2713 1138 2761 pertinent
1167 2726 1283 2762 quam
1315 2713 1364 2750 ad
1396 2717 1668 2761 argumentum

185 2782 469 2832 explicandum,
503 2782 728 2819 brevissime
753 2784 988 2818 tractantur.
1050 2780 1134 2818 Hoc
1165 2776 1204 2817 et
1232 2782 1272 2818 in
1304 2782 1497 2831 principio
1528 2781 1669 2817 fabulae
