2009 3218
380 902 703 945 PANEGYRIS
764 902 1063 951 PAMPHILA,
1126 900 1382 944 SORORES
1414 901 1466 943 ΙΙ.

719 1038 1014 1093 Panegyris

583 1110 722 1153 Credo
755 1124 834 1164 ego
869 1111 1067 1152 miseram

584 1182 734 1224 Fuisse
767 1182 1042 1237 Penelopam,

583 1255 728 1307 Soror,
761 1268 838 1296 suo
872 1269 921 1296 ex
954 1255 1112 1304 animo⁷

583 1326 702 1377 Quae
733 1331 821 1368 tam
857 1326 930 1367 diu
962 1326 1095 1368 uidua

583 1398 687 1440 Uiro
720 1412 798 1440 suo
831 1399 990 1449 caruit3
1658 1409 1678 1442 5

584 1470 692 1512 Nam
725 1484 802 1512 nos
835 1471 925 1512 eius
958 1472 1149 1512 animum

177 1543 238 1586 De
270 1543 430 1586 nostris
460 1542 590 1584 factis
622 1543 852 1593 noscimus,
885 1555 1067 1595 quarum
1099 1543 1183 1584 uiri
1215 1542 1316 1584 hinc
1347 1541 1519 1591 absunt,

177 1615 421 1670 Eorumque
453 1629 531 1657 nos
562 1615 748 1668 negotiis
781 1613 1028 1656 absentium
1059 1615 1121 1657 ita
1152 1619 1199 1656 ut
1231 1628 1416 1669 aequom
1449 1618 1517 1656 est

178 1686 398 1730 Sollicitae
429 1692 578 1729 noctes
611 1691 653 1728 et
686 1686 790 1735 dies,
823 1700 955 1737 soror,
986 1700 1132 1728 sumus
1165 1700 1345 1742 semper.

786 1780 1067 1836 Pamphila

379 1853 585 1896 Nostrum
618 1852 804 1896 officium
836 1867 915 1894 nos
947 1853 1090 1895 facere
1121 1867 1305 1908 aequom
1338 1859 1414 1904 est,
1634 1865 1676 1897 10

586 1925 737 1980 Neque
770 1925 813 1966 id
844 1926 982 1978 magis
1015 1924 1195 1968 facimus

586 1996 723 2047 Quam
756 2011 835 2038 nos
869 2003 1014 2039 monet
1047 1999 1201 2052 pietas.

777 2091 1073 2146 Paneyyris

180 2163 264 2206 Sed
295 2164 376 2216 hic,
407 2177 543 2215 soror,
576 2163 726 2206 adside
759 2164 881 2216 dum3
915 2164 1051 2206 multa
1081 2163 1180 2206 uolo
1212 2169 1354 2206 tecum

385 2236 523 2291 Loqui
557 2235 609 2278 de
641 2250 686 2278 re
718 2237 815 2278 uiri.

799 2330 1069 2382 Pamphila

868 2402 1064 2450 Saluene„
1098 2399 1285 2445 amabo?

302 2536 458 2573 Titulum
484 2549 548 2573 om.
576 2537 604 2573 C
713 2537 976 2572 PANEGIRIS
1001 2537 1048 2581 B,
1077 2537 1374 2574 PHILUMENA
1398 2538 1432 2573 Α
1538 2537 1675 2573 PINA-

196 2591 315 2629 CIUM
339 2594 374 2629 Β
456 2594 672 2630 SORORES
699 2595 735 2629 II
761 2605 825 2629 om.
852 2594 883 2628 A
960 2596 1046 2628 1-2
1070 2605 1141 2630 uno
1163 2605 1270 2631 versu
1295 2594 1330 2630 B
1400 2595 1626 2640 peuolopam
1656 2594 1686 2630 C

187 2650 276 2685 2—3
299 2661 372 2687 uno
396 2663 501 2687 versu
524 2652 560 2686 B
629 2653 718 2686 4—5
744 2662 814 2686 uno
839 2662 943 2686 versu
964 2650 998 2685 B
1068 2653 1090 2686 8
1114 2650 1350 2697 Quorumque
1422 2653 1616 2687 absentum
1642 2657 1681 2686 ut

188 2709 242 2741 est
265 2718 418 2753 aequom
432 2709 499 2744 BC
572 2711 614 2744 10
640 2707 925 2743 PINACIUMC
997 2708 1134 2744 duobus
1157 2709 1322 2744 versibus
1340 2709 1375 2744 A
1449 2710 1580 2744 11—12
1607 2718 1681 2743 uno

187 2771 292 2798 ver-eu
314 2763 351 2800 Β
445 2767 486 2800 13
510 2764 604 2801 PAN
630 2776 695 2802 om.
791 2776 871 2800 mea
896 2776 1001 2800 soror
1027 2764 1193 2800 adsidam
1218 2765 1286 2800 BC
1380 2768 1420 2801 14
1446 2766 1546 2800 PAM
1578 2776 1646 2802 om.

293 2846 331 2872 v.
1261 2872 1264 2874 ,
1337 2838 1376 2872 13
