2009 3218
115 244 174 288 lv,
197 246 230 288 6,
257 245 387 279 12—27
794 246 909 280 Persa.
1545 252 1597 290 65

112 370 343 413 Mandatae
375 384 486 424 quae
517 374 630 421 sunt,
662 371 760 412 uolo
793 370 959 413 deferre
991 371 1222 425 epistolas;

114 443 338 485 Geminum
370 447 511 484 autem
544 442 720 485 fratrem
751 443 912 485 seruire
945 442 1091 484 audiui
1124 442 1192 484 hic
1225 458 1384 496 meum;

115 513 220 556 Eum
253 528 330 568 ego
362 519 409 555 ut
440 514 658 568 requiram
690 517 821 568 atque
852 519 901 555 ut
932 514 1154 562 redimam,
1188 515 1288 556 uolo
1319 517 1469 558 uisere.

745 609 962 651 Toxilus

112 681 252 736 Atque
283 681 435 735 edepol
467 686 513 723 tu
546 696 611 724 me
643 682 946 724 commonuisti
978 682 1092 724 haud
1120 682 1254 734 male3

113 752 274 795 Uideor
306 753 468 796 uidisse
500 753 570 796 hic.
601 754 740 796 forma
771 753 1034 808 persimilem
1065 755 1140 805 tui,
1531 768 1597 802 695

113 825 274 868 Eadem
307 830 486 868 statura.

703 898 1005 951 Sanaristz'o

559 970 727 1025 Quippe
760 971 832 1026 qui
864 970 999 1013 frater
1031 971 1124 1013 siet.

719 1072 988 1116 Dordalus

116 1144 225 1196 Quid
257 1150 321 1188 est
351 1145 432 1188 tibi
462 1145 650 1188 nomen?

706 1241 1006 1294 Sayaristio

744 1313 862 1355 Scire
894 1318 930 1355 te
960 1314 1063 1367 quid
1096 1315 1280 1356 attinet?

719 1415 990 1458 Dordalus

114 1486 225 1537 Quid
257 1487 414 1529 attinet
444 1501 528 1529 non
560 1488 699 1530 scire?

697 1582 761 1624 Sa
771 1583 969 1635 ,qao-isti
981 1596 1002 1623 0

768 1655 974 1697 Ausculta
1005 1669 1119 1710 ergo,
1151 1660 1200 1698 ut
1231 1657 1364 1699 scias:

119 1725 480 1781 Uaniloquidorus
512 1726 982 1781 Uirginesuendonides

115 1798 534 1853 Nugimeriloquides
568 1799 1155 1851 Argentumexterebronides
1532 1813 1599 1847 700

114 1869 495 1923 Tedigniloquides
526 1870 1042 1926 Nummosexpalponides

116 1941 590 1996 Quodsemelarripides
622 1943 1224 1999 numquameripisibz'sinides.

722 2046 989 2088 Dordalus

115 2117 177 2159 Eu
209 2117 352 2159 hercle
383 2131 537 2160 nomen
570 2117 835 2160 multimodis
865 2119 1072 2173 seriptum
1104 2124 1171 2162 est
1200 2124 1334 2162 tuum.

705 2221 740 2263 S
749 2235 770 2262 α
781 2222 1013 2275 „qam-tio

114 2291 183 2334 Ita
213 2297 314 2334 sunt
347 2292 576 2334 Persarum
608 2306 771 2345 mores;
801 2293 929 2347 longa
959 2295 1135 2337 nomina

114 2363 475 2418 Contortiplicata
505 2364 728 2407 habemus.
790 2366 899 2408 Num
932 2367 1036 2421 quid
1068 2371 1258 2409 ceterum
1530 2379 1597 2412 '705

113 2437 277 2480 uoltis?

228 2599 293 2632 693
318 2597 411 2631 Tum
437 2597 507 2634 BC
572 2597 689 2631 uisere
715 2607 772 2632 om
851 2598 916 2633 697
942 2608 1005 2633 om.
1031 2597 1100 2634 BC
1164 2598 1268 2643 Quod
1295 2598 1328 2632 A
1397 2599 1464 2634 698
1489 2609 1550 2634 ero
1571 2598 1601 2634 Ο

114 2655 180 2689 699
203 2655 360 2699 uirginis
385 2654 638 2689 uendonident
661 2653 706 2695 B,
732 2655 888 2697 uirginis
913 2654 1034 2689 uendo
1059 2655 1190 2690 uident
1214 2655 1244 2690 0
1381 2656 1448 2691 '700
1472 2655 1597 2700 Nugi.-

114 2711 323 2755 piloquides
446 2716 605 2755 argento
631 2711 940 2746 extenebronides
966 2711 1036 2747 ΒΟ
1150 2714 1215 2747 '701
1243 2713 1398 2747 numdes
1424 2713 1597 2758 expalpo-

115 2768 218 2802 uides
243 2767 311 2803 BC
442 2769 510 2802 ¹702
534 2767 636 2811 Quod
663 2768 970 2813 semellarripidee
995 2768 1064 2805 Bo
1188 2781 1390 2814 numquam
1416 2770 1509 2815 eripi
1534 2768 1604 2804 BG

112 2825 179 2859 703
202 2825 327 2860 multis
351 2824 471 2860 modis

214 2895 250 2922 v.
1305 2898 1326 2932 5
