2009 3218
731 194 770 229 V.
795 196 984 230 474-530.
1521 201 1541 238 4
1549 200 1597 238 81

57 315 60 319 ’
124 338 195 377 pro
229 325 265 371 „i
293 321 361 360 tu“
397 322 469 359 hoc
499 321 584 360 loco
615 322 690 359 dici
720 326 861 372 potest,
894 337 963 360 nec
998 337 1084 368 „eas
1117 338 1177 362 res
1209 323 1394 374 agebam“
1430 338 1501 375 pro
1537 325 1601 372 „id

124 387 316 443 agebam“.
386 389 485 427 Mihi
516 391 620 426 inter
651 391 726 427 alia
758 391 795 426 in
828 395 995 427 mentem
1027 395 1153 429 venit:
1204 392 1284 437 „Eo
1326 407 1385 431 me
1416 407 1599 443 measque

123 473 152 499 r.
170 473 203 498 a.
221 457 293 506 c.“,
326 459 349 496 i.
368 471 401 496 e.
426 460 465 496 in
488 458 631 495 malam
656 471 806 495 crucem
831 462 870 495 et
894 472 953 495 me
977 460 1060 509 ipse
1085 464 1124 497 et
1156 474 1240 498 mea
1270 462 1398 499 omnia
1428 463 1600 500 confere-

122 528 218 567 bam.
250 547 304 552 —-—
334 523 600 573 commodum,
632 541 668 564 v.
702 526 749 563 ad
780 526 922 577 Amph.
956 528 1049 565 662.
1081 548 1136 552 -
1176 530 1265 566 510.
1306 527 1435 567 multo
1474 530 1598 576 tanto,

122 611 156 636 V.
175 595 223 634 Sd
239 595 378 633 Bacch.
399 596 491 633 307.
517 615 570 621 —
594 596 685 633 512.
709 592 854 643 SCiYPC,
881 595 929 632 cf.
950 595 996 632 ad
1013 597 1103 633 Aul.
1124 599 1214 635 591.
1265 595 1398 646 laudo,
1418 602 1601 648 μακαρίζω

122 667 159 703 σὲ
188 666 244 710 τῆς
273 665 388 710 τύχης.
451 658 666 710 fortunas,
708 664 753 701 cf.
787 663 874 701 Ter.
907 663 1027 702 Andr.
1063 666 1127 702 97.
1162 667 1254 703 609.
1315 666 1471 704 Phorm.
1505 668 1599 705 473.

120 733 216 772 Dum
246 732 373 770 uvidis
405 733 647 770 vestimentis
677 735 855 778 vexatur,
887 733 1058 781 scirpeus
1083 734 1163 770 sive
1188 735 1345 771 iunceos
1369 735 1539 772 cucullos
1564 739 1602 772 et

118 806 263 852 tegetes
292 801 439 847 laudat,
472 813 556 849 quae
586 813 739 849 semper
770 800 880 837 arida
910 802 999 847 sint,
1032 801 1078 839 cf.
1104 801 1207 838 infra
1226 804 1317 840 565.
1353 823 1405 828 —
1438 804 1515 841 515
1542 817 1599 853 sq.

121 866 274 916 omnia,
315 883 349 906 v.
383 868 430 905 ad
463 868 576 918 Epid.
612 869 710 913 589,
753 869 800 906 cf.
834 881 954 918 supra
985 870 1077 907 489.
1140 868 1270 907 Verba
1300 873 1506 908 trementis
1539 882 1600 909 co-

117 948 237 978 rusca
265 937 464 984 dicuntur,
497 940 541 974 ut
571 937 791 974 similitudo
823 938 955 987 aliqua
986 939 1139 975 oriatur
1178 938 1486 986 ,‚velitati0nis“‚
1519 942 1600 977 sive

117 1007 288 1045 velitaris
331 1018 494 1056 pugnae,
538 1007 578 1042 in
625 1019 702 1055 qua
746 1005 868 1043 hastae
914 1006 1075 1044 velitum
1121 1006 1169 1043 ob
1215 1007 1336 1044 oculis
1378 1012 1598 1045 coruscant.

118 1074 230 1113 Recte
269 1075 390 1124 igitur
437 1086 513 1111 non
563 1071 864 1122 „uelitatione“‚
920 1075 987 1112 sed
1041 1071 1097 1112 ad
1139 1077 1164 1112 i.
1206 1090 1236 1112 e.
1278 1079 1414 1113 contra
1457 1073 1600 1114 uelita-

117 1140 273 1182 tionem.
315 1163 370 1168 —
410 1144 502 1180 517.
548 1137 650 1180 Cum
681 1139 954 1189 vestimentis,
996 1144 1171 1192 quamvis
1202 1145 1380 1181 vestitus.
1424 1164 1470 1169 ——
1506 1144 1601 1182 Post

109 1211 329 1262 postquam
372 1211 514 1248 hiatus.
561 1231 616 1236 —
664 1212 755 1248 518.
803 1207 1134 1259 thermopolium,
1181 1225 1216 1249 v.
1260 1212 1308 1249 ad
1351 1212 1461 1250 Cure.
1506 1213 1598 1250 292.

116 1279 207 1318 Post
234 1275 366 1318 ullum
395 1279 525 1317 hiatus
557 1282 645 1316 ante
678 1283 894 1316 extremum
925 1282 1126 1326 creticum,
1169 1293 1203 1317 V.
1238 1280 1392 1329 Proleg.
1425 1295 1462 1331 p.
1500 1283 1598 1328 1833

114 1347 217 1386 Reiz.
266 1346 380 1395 „ille“
430 1347 565 1395 addit,
623 1351 663 1384 et
714 1347 894 1385 Mueller.
941 1347 1047 1386 Pros.
1102 1362 1140 1398 p.
1191 1350 1268 1387 535
1324 1352 1415 1398 apte
1469 1353 1601 1387 censet

114 1429 322 1468 pronomen
375 1415 488 1464 addi,
542 1418 635 1465 quia
687 1416 893 1454 antecedat
944 1417 1114 1455 secunda
1158 1431 1328 1468 persona
1375 1417 1498 1455 verbi.
1545 1437 1599 1443 —

117 1485 204 1523 519.
249 1481 333 1532 Ila,
381 1485 426 1522 cf.
476 1486 568 1523 203.
621 1504 677 1509 —
732 1487 810 1523 522
850 1498 908 1535 sq.
955 1486 1070 1523 affert
1114 1486 1264 1524 Nonius
1309 1500 1347 1536 p.
1396 1487 1476 1524 406
1522 1488 1637 1540 εἰοε-

41 1580 47 1584 -
118 1552 296 1601 „Utinam
334 1553 530 1591 fortunam
561 1566 662 1591 nunc
702 1556 906 1592 anutinam
946 1558 1079 1592 terent
1109 1567 1194 1591 cum
1226 1556 1389 1592 exissem
1421 1568 1469 1592 ex
1499 1568 1600 1604 aqua

113 1633 234 1659 rerem
263 1618 433 1659 tamen“.
501 1618 687 1669 (metina,
726 1623 752 1659 i.
786 1635 819 1660 e.
851 1624 1018 1671 anitum,
1052 1638 1088 1661 v.
1121 1623 1169 1660 ad
1200 1624 1307 1660 Asin.
1343 1623 1437 1670 686,
1471 1636 1515 1660 ac
1545 1624 1599 1661 sic

115 1689 221 1728 codd.
253 1688 329 1728 Cic.
361 1690 450 1729 Fin.
481 1689 524 1738 V,
559 1692 620 1737 15,
654 1691 718 1728 42.
790 1691 934 1728 Hiatur
964 1695 1008 1728 ut
1041 1692 1140 1739 5183
1176 1689 1298 1741 ,‚ego“
1335 1691 1424 1729 add.
1457 1691 1517 1729 Fl.
1545 1712 1599 1718 —

116 1759 203 1797 523.
249 1758 391 1796 Versus
422 1772 540 1796 causa
571 1762 641 1796 aut
675 1756 793 1805 ,.Uti“
827 1763 894 1797 aut
927 1758 1185 1807 „exiuissem“
1221 1760 1490 1808 scribendum3
1537 1761 1596 1798 Fl.

113 1830 328 1877 utrumque,
358 1830 403 1864 ut
431 1829 627 1865 vitaretur
658 1827 788 1866 hiatus
819 1831 858 1865 in
890 1841 1054 1875 caesura,
1087 1828 1266 1865 Mueller.
1287 1828 1446 1866 Nachtr.
1465 1842 1504 1879 p.
1525 1831 1596 1867 70:

118 1894 192 1943 „Ut
220 1909 335 1945 quom
369 1897 566 1947 extemplo
598 1895 802 1934 exissem“.
835 1917 882 1922 —
931 1898 1023 1935 524.
1064 1892 1305 1935 Manducus
1335 1899 1375 1935 in
1407 1897 1599 1935 Atellanis

113 1964 377 2014 similibusque
407 1964 510 2002 ludis
540 1965 679 2002 inferri
710 1965 883 2012 solebat,
931 1967 976 2002 cf.
1009 1966 1143 2002 Iuven.
1178 1967 1214 2013 3,
1250 1967 1327 2003 174
1359 1979 1437 2017 Sq.:
1488 1969 1599 2014 „tan-

114 2031 272 2082 demque
309 2032 413 2070 redit
451 2033 498 2070 ad
536 2033 691 2084 pulpita
723 2037 856 2070 notum
887 2034 1089 2081 exodium,
1137 2047 1254 2083 quum
1292 2047 1472 2084 personae
1510 2035 1596 2083 pal-

112 2099 221 2138 lentis
250 2101 399 2139 hiatum
430 2102 470 2138 in
502 2103 650 2149 gremio
682 2103 818 2139 matris
843 2101 1030 2139 formidat
1054 2103 1223 2140 rusticus
1249 2100 1419 2140 infans“.
1472 2103 1598 2140 Varro

114 2167 156 2207 L.
193 2168 236 2207 L.
267 2169 359 2216 VII,
407 2171 478 2208 95:
537 2170 809 2218 „manducari,
856 2184 878 2207 a
917 2184 993 2220 quo
1033 2173 1073 2209 in
1115 2170 1311 2208 Atellanis
1351 2170 1598 2208 Dossennum

112 2241 250 2276 vocant
285 2236 563 2276 Manducum“.
623 2238 723 2276 Non.
764 2253 801 2288 p.
840 2240 907 2276 17:
959 2238 1264 2286 ‚‚Manducones‚
1313 2240 1379 2288 qui
1419 2238 1599 2276 manduci

113 2304 204 2343 dicti
239 2310 330 2344 sunt
367 2310 406 2344 et
438 2307 649 2344 mandones
681 2304 812 2344 cett.“.
861 2327 909 2332 —
958 2307 1050 2344 526.
1098 2303 1277 2344 claui-sse
1307 2306 1381 2355 Fl.,
1422 2308 1446 2345 i.
1479 2321 1510 2345 e.
1543 2308 1597 2345 la-

113 2374 236 2412 vando
265 2375 495 2424 perdidisse,
527 2388 561 2412 v.
588 2375 637 2412 ad
658 2375 766 2412 Asin.
797 2376 887 2413 134.
948 2375 1051 2411 Ante
1076 2374 1112 2411 h.
1137 2387 1172 2411 v.
1197 2375 1346 2422 hiatus;
1379 2374 1596 2413 Francken.

117 2439 261 2489 „nunc“
305 2442 435 2491 addit;
482 2442 542 2481 Fl.
587 2442 711 2492 „Sed“
755 2444 794 2480 in
834 2443 1028 2493 principio
1068 2455 1216 2480 versus.
1263 2449 1317 2468 '—
1364 2444 1457 2481 527.
1507 2443 1600 2481 Post

114 2506 207 2559 quia
235 2510 378 2549 hiatus.
439 2510 499 2549 Fl.
537 2510 725 2559 „Quine“.
796 2511 1074 2549 Coniunctivus
1105 2512 1301 2559 legitimus
1341 2515 1399 2549 est
1436 2515 1599 2561 propter

114 2579 402 2617 antecedentem
441 2582 658 2618 orationem
702 2580 915 2629 obliquam.
951 2599 1000 2605 —
1037 2581 1114 2618 529
1147 2593 1204 2629 sq.
1241 2575 1596 2628 promittebas...

115 2653 208 2693 0886,
239 2648 263 2685 i.
297 2661 329 2685 e.
361 2648 468 2695 fore,
499 2653 544 2686 ut
575 2648 660 2686 Liv.
695 2647 836 2694 XLIII,
871 2650 906 2693 6,
940 2648 976 2685 4,
1047 2647 1162 2696 Verg.
1193 2647 1284 2685 AEn.
1316 2646 1381 2693 IV,
1415 2647 1508 2685 487.
1549 2648 1595 2684 cf.

114 2711 282 2752 adAsin.
306 2717 398 2754 597.
425 2736 478 2742 —
505 2718 596 2755 530.
631 2712 706 2754 Illi
729 2717 774 2753 A.
804 2735 854 2740 —-
880 2710 1165 2753 meretricibus
1196 2715 1391 2753 ablativus
1421 2715 1596 2762 videtum

113 2779 308 2820 Acidalius
346 2797 384 2834 p.
416 2785 497 2822 434
529 2798 606 2834 sq.:
659 2787 856 2833 „quaestus
895 2785 963 2832 qui
1008 2783 1053 2820 fit
1096 2783 1285 2821 habendis
1326 2782 1597 2820 meretricibus

210 2855 246 2884 V·
1235 2867 1237 2869 ·
1281 2859 1322 2893 31
