2009 3218
360 218 436 256 146
1032 213 1150 247 Plauti
1580 211 1643 255 IV,
1667 214 1698 253 3,
1722 213 1835 247 4.—13

356 339 472 382 Nihil
489 339 643 389 habeo,
669 338 924 380 adulescens
941 338 1139 391 piscium,
1164 342 1281 378 netu
1299 337 1401 378 mihi
1419 351 1514 379 esse
1539 337 1744 390 postules.
1770 348 1837 382 930

354 411 449 453 Non
479 411 602 452 uides
633 409 793 452 referre
825 423 890 451 me
921 409 1099 452 uuidum
1132 414 1224 450 rete
1256 409 1347 450 sine
1379 422 1609 463 squamoso
1643 409 1780 462 pecu‘?

807 551 809 554 ι
959 499 1237 542 Trachalio

358 572 454 615 Non
486 572 637 626 edepol
668 572 803 626 piscis
834 575 1002 626 expeto,
1033 585 1162 626 quam
1191 571 1256 612 tui
1280 571 1488 612 sermonis
1514 584 1604 612 sum
1629 570 1836 623 indigens.

1000 661 1198 714 Gripus

360 736 518 778 Enicas
548 736 633 777 iam
665 748 731 776 me
764 734 876 786 odio,
907 734 1103 789 quisquis
1135 748 1192 775 es.

960 824 1240 866 Trachalio

922 896 1017 938 Non
1049 896 1188 938 sinam
1219 909 1296 950 ego
1328 894 1447 937 abire
1478 894 1578 936 hinc
1607 898 1673 946 te3
1703 907 1840 936 mane.

1009 986 1207 1039 Gripus

363 1059 477 1101 Caue
510 1060 568 1102 sis
600 1059 728 1101 malo.
788 1059 901 1110 Quid
932 1063 993 1110 tu,
1024 1059 1199 1111 malum,
1232 1072 1331 1100 nam
1364 1072 1430 1100 me
1460 1057 1681 1099 retrahis?

962 1149 1244 1192 Trachalio

1720 1203 1845 1246 Audi.

1010 1278 1210 1330 Gripus

366 1336 462 1377 Non
495 1335 637 1378 audio.

964 1414 1245 1456 Trachalio

597 1487 653 1528 At
682 1486 755 1541 pol
787 1487 861 1541 qui
892 1486 1054 1528 audies.
1089 1485 1216 1541 [post.

1017 1577 1213 1630 Gripus

1194 1649 1306 1701 Quin
1335 1649 1514 1702 loquere
1545 1647 1649 1701 quid
1680 1646 1759 1689 uis.
1784 1657 1851 1692 935

969 1729 1248 1771 Trachalio
1840 1722 1844 1727 ¹

371 1800 462 1843 Eho
494 1800 639 1854 modo]
672 1801 750 1844 Est
781 1815 938 1856 operae
968 1802 1155 1855 pretium
1187 1800 1301 1854 quod
1331 1800 1411 1843 tibi
1437 1813 1513 1854 ego
1537 1812 1714 1842 narrare
1737 1797 1850 1841 uolo.

1015 1891 1214 1944 Gripus

373 1964 588 2018 Eloquere
620 1965 722 2019 quid
754 1964 798 2006 id
829 1968 904 2007 est.

303 2035 305 2037 ¹
978 2043 1258 2086 Trachalio

770 2115 878 2158 Uide
909 2130 1008 2158 num
1039 2116 1254 2170 quispiam
1286 2115 1564 2169 consequitur
1594 2127 1729 2168 prope
1759 2127 1850 2155 nos.

1019 2206 1216 2259 Gripus

577 2279 743 2333 Ecquid
777 2284 855 2332 est,
886 2279 1001 2333 quod
1034 2292 1130 2320 mea
1159 2278 1348 2321 referat?

973 2369 1251 2411 Trachalio

1389 2439 1598 2509 Scilicet..

580 2511 662 2554 Sed
694 2513 794 2555 boni
828 2514 980 2556 consili
1013 2513 1167 2568 ecquid
1198 2513 1239 2555 in
1273 2516 1315 2554 te
1349 2511 1452 2553 mihi
1485 2511 1579 2554 est?

496 2671 560 2706 931
587 2669 679 2705 Nam
706 2669 742 2704 B
835 2671 932 2705 sines
959 2678 1030 2715 qm]
1054 2682 1134 2706 mos
1161 2674 1247 2715 opte
1275 2670 1304 2705 Ο
1393 2671 1460 2704 932
1485 2681 1563 2704 sum
1588 2680 1652 2705 om.
1679 2668 1707 2704 C
1794 2667 1859 2703 938

377 2727 520 2763 Enecas
545 2727 579 2762 B
675 2728 742 2781 937
766 2726 1029 2772 Uidenuspiam
1128 2728 1195 2762 938
1220 2731 1258 2762 et
1283 2726 1369 2772 quid
1400 2726 1430 2762 C'
1517 2727 1584 2761 939
1609 2725 1714 2760 bonis
1741 2724 1772 2761 0

379 2785 542 2820 consiliis
566 2783 602 2818 B
