2009 3218
283 210 362 249 194
958 207 1079 242 Plauti
1518 208 1550 251 1,
1581 211 1610 252 1,
1638 210 1774 252 11-Βρ

877 332 1170 386 Panegyris

281 403 415 457 Spero
448 402 621 457 quidem
654 407 697 444 et
726 402 852 455 uolo;
885 404 961 446 sed
992 403 1086 454 hoc,
1122 417 1254 454 soror,
1287 405 1467 456 crucior,
1729 418 1771 451 15

281 474 454 516 Patrem
484 478 607 515 tuum
638 488 866 529 meumque
898 475 1019 525 adeo,
1051 476 1175 516 unice
1207 476 1279 529 qui
1311 490 1421 518 unus

282 544 460 587 Ciuibus
494 559 545 586 ex
577 545 776 587 omnibus
807 546 969 600 probus
1003 546 1268 599 perhibetur‚

280 617 389 658 Eum
420 630 534 658 nunc
564 617 749 671 improbi
779 618 862 659 uiri
895 616 1035 659 officio
1067 618 1143 666 uti,

486 688 600 731 Uiris
631 689 704 742 qui
734 693 884 730 tantas
915 688 1170 730 absentibus
1200 689 1360 731 nostris

687 759 812 802 Facit
842 760 1022 801 iniurias
1052 760 1252 801 inmerito
1729 774 1777 807 20

690 832 862 884 Nosque
893 831 947 872 ab
981 831 1040 872 eis
1072 831 1289 874 abducere
1320 832 1425 874 uolt.

483 903 603 945 Haec
632 917 700 945 res
732 904 849 944 uitae
882 917 961 951 me,
994 916 1126 953 soror,
1160 908 1371 954 saturant,

430 977 433 979 ’
486 975 606 1017 Haec
637 966 740 1016 mihi
773 974 962 1016 diuidiae
994 979 1037 1015 et
1068 975 1185 1016 senio
1218 980 1329 1016 sunt.

892 1052 1166 1105 Pamphila

486 1127 548 1168 Ne
580 1125 801 1179 lacruma„
820 1139 954 1175 soror,
985 1139 1069 1166 neu
1099 1131 1175 1167 tuo
1207 1125 1251 1167 id
1284 1127 1426 1168 animo

486 1197 584 1247 Fac,
616 1197 730 1251 quod
762 1197 841 1238 tibi
871 1201 972 1238 tuus
1005 1201 1128 1250 pater
1159 1197 1298 1239 facere
1325 1198 1523 1239 minatur.
1730 1210 1773 1243 25

489 1268 597 1323 Spes
629 1273 696 1310 est
726 1282 823 1310 eum
855 1269 1008 1310 melius
1040 1268 1266 1311 factu-rum.

487 1340 598 1382 Noui
630 1353 709 1393 ego
740 1339 881 1390 illum;
914 1340 1055 1382 ioculo
1087 1342 1225 1382 istaec
1256 1341 1374 1392 dicit,

486 1412 637 1466 Neque
668 1411 740 1453 ille
773 1412 855 1453 sibi
887 1416 1051 1454 mereat
1082 1412 1312 1454 Persarum

486 1484 657 1534 Montis,
689 1484 763 1538 qui
794 1498 887 1526 esse
919 1485 1039 1526 aurei
1072 1483 1367 1537 perhibentur,

488 1555 546 1598 Ut
577 1557 692 1597 istuc
722 1555 859 1597 faciat
889 1556 1005 1610 quod
1036 1562 1084 1597 tu
1115 1556 1283 1598 metuis.
1732 1568 1778 1602 30

487 1627 648 1669 Tamen
680 1629 716 1669 si
746 1627 892 1677 faciat,
926 1629 1112 1670 minume
1143 1629 1272 1669 irasci

490 1700 643 1752 Decet3
673 1714 812 1754 neque
843 1699 886 1740 id
917 1701 1117 1741 inmerito
1150 1701 1333 1741 eueniet.

486 1771 596 1813 Nam
627 1772 710 1812 uiri
740 1772 876 1813 nostri
908 1772 1036 1813 domo
1071 1776 1118 1813 ut
1148 1771 1361 1823 abierunt,

491 1843 572 1884 Hic
603 1845 758 1886 tertius
790 1857 944 1885 annus.

887 1921 1179 1977 Paneyyrz's

1000 1994 1065 2036 Ita
1096 1999 1144 2036 ut
1174 2007 1400 2036 memoras.

493 2065 631 2115 Quom
661 2067 743 2120 ipsi
773 2067 950 2116 interea‚
983 2068 1145 2117 uiuant,
1175 2065 1362 2116 ualeant,
1735 2079 1782 2112 35

496 2138 576 2180 Ubi
608 2139 707 2189 sint,
739 2139 840 2192 quid
875 2143 1018 2192 agant,
1051 2138 1205 2192 ecquid
1237 2143 1381 2192 agant,

493 2210 643 2264 Neque
675 2211 936 2265 participant
967 2224 1043 2251 nos
1076 2224 1216 2264 neque
1248 2210 1444 2252 redeunt.

901 2289 1174 2341 Pamphila

495 2362 556 2402 An
590 2362 633 2403 id
666 2362 798 2412 doles,
831 2376 965 2408 soror,
1000 2361 1102 2415 quia
1133 2361 1196 2402 illi
1227 2375 1350 2403 suum
1382 2360 1569 2402 officium

495 2433 591 2474 Non
623 2434 782 2483 colunt,
816 2448 942 2488 quom
976 2438 1022 2474 tu
1054 2439 1175 2475 tuum
1208 2432 1344 2474 facis?

891 2513 1182 2567 Panegyris

1390 2569 1456 2610 Ita
1487 2568 1569 2623 pol.

409 2683 449 2715 15
475 2681 642 2724 equidem
659 2681 690 2715 A
763 2683 891 2716 20—21
920 2693 992 2716 uno
1005 2682 1156 2716 versuB
1226 2683 1264 2715 21
1295 2683 1323 2715 is
1338 2680 1381 2724 B,
1397 2681 1452 2715 his
1469 2680 1498 2716 G
1566 2682 1608 2715 22
1629 2680 1704 2716 Hae
1717 2680 1786 2716 BG

294 2740 337 2772 23
364 2738 438 2772 Hae
464 2739 512 2771 mi
539 2737 603 2772 BC
691 2739 737 2781 *24
763 2737 841 2772 PIN
871 2739 900 2773 Ο
994 2738 1074 2773 Neu
1099 2738 1165 2773 BC
1263 2739 1295 2772 ei
1321 2749 1366 2771 eu
1393 2737 1422 2772 C
1517 2739 1561 2772 28
1586 2741 1728 2772 montes
1756 2736 1786 2772 Ο

295 2797 334 2829 31
362 2794 522 2830 Tametsi
539 2794 570 2827 A
641 2796 685 2829 34
710 2794 805 2828 PAN
826 2806 890 2829 om.
905 2795 984 2830 sine
1002 2797 1121 2839 spatio
1193 2797 1236 2829 38
1262 2794 1363 2828 PAM
1377 2804 1440 2829 om.
1513 2795 1556 2828 39
1582 2797 1620 2828 tu
1635 2803 1699 2829 om.
1714 2792 1784 2828 ΒΟ
