2009 3218
331 224 408 263 136
1006 216 1128 251 Plauti
1521 214 1593 258 III,
1618 216 1649 259 5,
1677 216 1810 250 19—37

329 347 346 387 Ι
379 346 477 388 dum
510 343 716 385 Tui-balio
749 342 974 386 curriculo.
1006 341 1129 383 adfer
1159 341 1235 382 huc
1266 341 1385 382 domo

330 418 447 459 Duas
480 416 638 458 clauas.

969 498 1180 541 Labrax

714 571 901 614 Clauas?

930 666 1216 708 Daemones

958 736 1043 779 Sed
1074 735 1254 790 probas,
1287 749 1472 790 propera
1503 735 1602 778 cito.

334 813 422 865 Ego
453 816 496 853 te
528 810 655 852 hodie
686 808 784 852 faxo
816 814 934 851 recte
965 812 1204 862 acceptum,
1235 811 1282 849 ut
1312 807 1467 861 dignus
1498 822 1558 849 es.
1748 819 1815 853 790

974 910 1182 952 Labrax

334 985 466 1037 Eheu,
499 985 705 1027 scelestus
737 983 905 1038 galeam
936 983 980 1024 in
1010 982 1113 1023 naui
1143 980 1338 1034 perdidi3

333 1057 458 1099 Nunc
489 1056 591 1098 mihi
624 1061 869 1110 opportuna
899 1055 970 1096 hic
1001 1057 1125 1104 esset,
1157 1052 1282 1094 salua
1312 1053 1347 1094 si
1378 1052 1502 1095 foret.

335 1130 455 1172 Licet
486 1128 638 1171 saltem
669 1128 775 1169 istas
806 1127 909 1168 mihi
941 1125 1192 1180 appellare?

934 1221 979 1262 D
991 1234 1015 1262 a
1025 1235 1045 1262 e
1053 1233 1094 1260 m
1103 1234 1125 1261 ο
1134 1235 1162 1261 ‘n
1174 1233 1221 1260 es

1246 1291 1343 1333 Non
1373 1290 1489 1333 licet.

337 1368 484 1419 Ehem,
517 1372 691 1422 optume
724 1365 878 1420 edepol
909 1378 1055 1407 eccum
1088 1363 1286 1405 clauator
1318 1362 1506 1405 aduenit.

974 1455 1012 1496 L
1022 1469 1046 1497 α
1055 1456 1077 1497 b
1086 1470 1108 1496 r
1118 1468 1179 1496 απ

337 1531 448 1573 Illud
480 1530 651 1585 quidem
686 1529 839 1583 edepol
870 1528 1172 1569 tinnimentum
1206 1530 1271 1568 est
1301 1526 1491 1567 auribus.
1756 1535 1822 1569 795

935 1618 980 1660 D
992 1632 1016 1659 α
1027 1631 1095 1659 em
1105 1631 1127 1658 ο
1136 1631 1165 1658 n
1175 1631 1195 1659 e
1204 1631 1225 1658 3

341 1697 440 1749 Age,
472 1695 621 1747 accipe
651 1693 782 1734 illanc
812 1691 996 1733 alteram
1027 1689 1210 1740 clauam,
1241 1689 1420 1743 SparaX.

339 1767 441 1821 Age,
474 1766 585 1807 alter
614 1765 756 1815 istinc,
789 1764 898 1806 alter
929 1762 1028 1804 hinc
1059 1762 1273 1804 adsistite.

339 1838 550 1880 Adsistite
581 1836 708 1879 ambo
741 1837 813 1877 sic.
876 1834 1033 1876 Audite
1064 1847 1177 1876 nunc
1208 1834 1314 1875 iam:

342 1911 384 1954 Si
416 1910 558 1952 hercle
589 1909 678 1950 illic
708 1908 804 1949 illas
836 1907 965 1948 hodie
997 1906 1131 1960 digito
1162 1905 1359 1959 tetigerit

341 1983 521 2032 quitas,
551 1982 595 2024 ni
627 1982 766 2022 istunc
797 1980 890 2022 istis
921 1979 1180 2020 inuitassitis
1759 1984 1827 2019 800
1900 1995 1903 1997 “

342 2054 490 2108 Usque
521 2053 644 2097 adeo,
678 2053 814 2094 donec
845 2065 932 2106 qua
963 2050 1136 2092 domum
1168 2049 1297 2091 abeat
1327 2049 1505 2099 nesciat,

342 2126 521 2168 Peristl's
552 2124 690 2166 ambo.
754 2124 797 2165 Si
831 2122 1072 2177 appellabit
1103 2122 1362 2175 quempiam,

344 2198 431 2241 Uos
462 2197 769 2251 respondetote
800 2196 930 2237 istinc
962 2195 1143 2236 istarum
1175 2194 1327 2235 uicem.

344 2271 419 2314 Sin
450 2271 540 2324 ipse
572 2269 693 2311 abire
724 2268 822 2309 hinc
853 2267 983 2318 uolet,
1017 2271 1225 2320 quantum
1257 2269 1416 2320 potest,

346 2341 570 2395 Extemplo
602 2340 898 2394 amplectitote
931 2352 1058 2381 crura
1087 2338 1289 2380 fustibus.
1763 2345 1829 2380 805

1020 2447 1225 2490 Labrax

348 2524 487 2566 Etiam
520 2537 586 2564 me
619 2523 738 2564 abire
771 2523 870 2563 hinc
900 2536 985 2562 non
1019 2521 1189 2563 sinent?

460 2684 526 2717 788
551 2680 658 2716 affert
685 2681 712 2713 C
837 2679 907 2713 huc
932 2679 1043 2714 domo
1069 2679 1168 2714 abest
1301 2677 1367 2712 792
1391 2675 1505 2710 fot-tet
1639 2674 1705 2708 796
1730 2672 1829 2708 illinc
1899 2689 1902 2697 ι

349 2743 416 2775 800
440 2740 496 2774 nei
580 2740 643 2773 801
670 2736 868 2781 Usquadeo
894 2736 927 2769 B
1008 2735 1141 2770 habeat
1223 2736 1290 2769 804
1315 2732 1504 2777 Sineclpse
1529 2731 1573 2775 B,
1599 2733 1677 2766 sine
1701 2731 1779 2776 ipse
1804 2726 1833 2764 G
1892 2733 1905 2778 ’ᾗ

350 2799 416 2833 806
440 2797 489 2832 Et
515 2797 603 2830 tiam
631 2794 657 2829 C
749 2793 919 2827 desinent
