2009 3218
371 217 453 256 522
1033 213 1190 249 Stichus.

369 343 618 381 retinuerunt
648 345 686 379 et
717 341 859 392 Speng.
893 346 932 379 et
962 342 1099 380 Goetz.
1154 342 1301 381 Ritsch.
1334 344 1531 391 „Quorum
1562 344 1744 396 quidem“
1777 347 1848 395 ed„

369 425 438 461 ego
461 407 712 460 Eorumque.
735 429 781 435 -
813 412 860 448 13
894 410 1131 461 Panegyricli
1159 411 1268 449 dedit
1290 412 1334 450 R.
1396 408 1481 450 Sed
1508 409 1586 461 hie,
1617 423 1748 462 soror,
1777 412 1849 453 ad-

366 476 459 517 side
488 476 584 517 dum
617 480 663 516 A.
729 478 832 515 Ante
871 479 973 516 aedes
1011 480 1050 516 in
1089 479 1284 517 vestibulo
1321 481 1401 517 sive
1433 481 1612 530 προθύρῳ
1645 481 1849 520 cathedras

368 551 408 585 et
451 547 635 585 subsellia
679 546 797 583 fuisse
841 546 1018 584 videmus
1063 562 1098 585 v.
1141 549 1212 594 96,
1267 548 1312 585 cf.
1346 547 1532 585 Vidensk.
1573 547 1698 586 Selsk.
1731 547 1848 586 Over-

367 616 445 666 sigt
478 616 583 653 1875
616 628 654 664 p.
688 615 751 652 33.
793 633 846 638 —
889 615 949 651 14.
991 611 1200 653 Samene?
1236 617 1260 652 i.
1294 629 1325 652 e.
1358 629 1450 653 num
1480 617 1598 654 salvis
1630 612 1776 653 rebus‘?
1811 629 1847 654 v.

368 683 416 720 ad
440 683 545 720 Men.
574 683 666 720 765.
690 702 745 707 —
781 683 841 720 16.
877 680 988 729 adeo,
1022 685 1153 730 etiam,
1187 696 1220 720 v.
1254 683 1302 720 ad
1333 684 1473 734 Amph.
1501 685 1593 722 671.
1625 682 1727 721 infra
1758 684 1848 722 180.

368 752 461 789 216.
496 752 588 788 219.
623 750 714 788 664.
765 770 812 775 —
865 751 926 788 18.
973 745 1133 799 officio,
1175 765 1209 788 v.
1243 750 1291 788 ad
1321 752 1429 789 Asin.
1466 753 1556 789 172.
1611 750 1722 788 Curc.
1755 751 1847 788 280.

367 819 455 857 add.
496 817 637 856 Pseud.
681 819 772 856 376.
831 816 914 865 uti,
962 819 986 855 i.
1020 832 1051 855 e.
1091 818 1211 867 fungi.
1254 838 1303 843 —
1344 820 1410 857 20.
1448 815 1633 857 iniurias
1670 818 1847 856 ultimam

367 887 532 937 corripit
585 886 632 923 ad
687 887 904 935 analogiam
960 887 1212 923 iambicarum
1265 899 1404 924 vocum
1449 882 1617 935 (Proleg.
1655 900 1694 936 p.
1735 880 1846 935 206).

365 975 415 980 —
452 956 518 993 21.
551 951 599 993 ab
632 952 691 992 eis
722 956 767 991 A.
799 973 854 978 —
892 955 943 991 22
977 957 1016 991 et
1047 955 1112 992 23.
1152 950 1267 992 Haec
1297 955 1349 1002 A,
1388 954 1434 992 cf.
1469 954 1518 991 ad
1549 954 1636 992 Aul.
1672 954 1764 992 378.
1795 973 1849 978 —

364 1020 477 1061 uitae
506 1033 570 1060 ‘me
599 1021 812 1069 saturant,
843 1024 855 1058 i
887 1035 919 1059 e.
952 1025 1131 1059 saturum
1162 1022 1350 1070 reddunt,
1384 1022 1432 1060 cf.
1460 1022 1552 1060 Ter.
1578 1022 1719 1060 Heaut.
1747 1022 1845 1060 869:

370 1093 508 1137 „istius
547 1088 867 1129 obsaturabere“.
911 1108 967 1113 —
1012 1086 1222 1138 diuidiae,
1270 1091 1516 1140 aegritudini,
1563 1103 1597 1128 v.
1631 1089 1680 1127 ad
1709 1089 1846 1127 Bacch.

367 1161 459 1197 766.
502 1179 555 1184 —-
594 1156 721 1205 86922'0,
768 1159 815 1196 cf.
847 1159 961 1195 Truc.
1002 1159 1105 1195 461:
1155 1158 1224 1205 „Id
1263 1159 1320 1195 illi
1361 1158 1518 1204 morbo,
1564 1158 1605 1195 id
1643 1157 1702 1194 illi
1739 1159 1846 1195 senio

365 1225 463 1265 est“.
528 1227 681 1276 Turpil.
715 1229 788 1264 41:
834 1227 950 1272 „odio
982 1239 1026 1262 ac
1056 1227 1163 1263 senio
1195 1227 1290 1264 mihi
1321 1227 1415 1264 haec
1445 1232 1536 1264 sunt
1564 1223 1765 1276 nuptiae“.
1797 1225 1845 1264 al.

364 1317 418 1322 —
464 1297 529 1334 24.
569 1293 637 1333 Ne
676 1295 722 1332 A.
773 1315 820 1319 —
869 1296 932 1333 25.
981 1294 1078 1331 tuus
1116 1307 1189 1331 om.
1230 1294 1390 1339 Goetz.,
1437 1308 1484 1332 ne
1529 1307 1665 1347 versus
1710 1294 1846 1344 hyper-

364 1366 612 1403 catalecticus
643 1365 705 1401 sit.
752 1383 807 1387 —
850 1358 985 1408 facere
1023 1359 1227 1409 minatur,
1277 1363 1301 1398 i.
1334 1377 1365 1399 e.
1398 1376 1438 1400 se.
1477 1363 1690 1410 facturum,
1731 1375 1766 1399 v.
1798 1361 1846 1398 ad

363 1434 469 1471 Asin.
503 1433 597 1470 439.
651 1433 768 1469 Most.
806 1433 866 1468 16.
922 1430 1040 1468 Poen.
1074 1431 1167 1468 257.
1198 1450 1254 1455 —
1286 1432 1350 1468 27.
1391 1427 1536 1479 iocuZO,
1567 1430 1615 1468 cf.
1648 1430 1697 1467 ad
1728 1429 1845 1467 Most.

364 1503 458 1540 906.
479 1521 532 1525 -
557 1501 622 1538 28.
655 1500 808 1537 Primus
833 1512 901 1549 pes
925 1499 1292 1548 proceleusmaticus
1317 1503 1387 1536 est.
1437 1495 1665 1537 Persarum
1689 1497 1846 1536 montes

363 1565 492 1615 aurei,
525 1569 570 1606 cf.
605 1568 653 1604 ad
684 1569 772 1605 Aul.
807 1569 900 1606 693.
935 1586 986 1591 —
1021 1569 1085 1605 30.
1127 1562 1193 1613 Ut,
1226 1567 1273 1605 cf.
1308 1567 1356 1604 ad
1388 1567 1527 1604 Bacch.
1564 1567 1682 1604 1184.
1727 1565 1844 1604 Poen.

364 1638 457 1676 427.
504 1636 613 1674 Pers.
647 1637 739 1674 784.
781 1655 834 1660 -—
882 1636 946 1673 33.
985 1635 1048 1682 ut,
1095 1638 1323 1685 postquam,
1366 1649 1398 1672 v,
1432 1636 1481 1672 ad
1511 1635 1629 1672 Most.
1663 1634 1754 1673 262.
1792 1653 1845 1660 -—·

364 1707 427 1744 34.
463 1703 607 1743 tertius
639 1706 780 1742 omisso
812 1703 929 1742 verbo
962 1704 1217 1750 substantivo,
1249 1716 1284 1739 v.
1318 1704 1367 1740 ad
1396 1702 1536 1752 Amph.
1572 1703 1665 1740 590.
1696 1722 1749 1727 —
1781 1703 1844 1741 35:

363 1774 576 1822 Panegyris
607 1777 646 1809 et
677 1772 775 1810 illud
806 1771 998 1818 affirmat,
1037 1784 1102 1808 eos
1132 1771 1293 1808 tertium
1325 1772 1400 1808 iam
1432 1784 1575 1808 annum
1607 1771 1762 1817 abesse,
1807 1774 1847 1808 et

362 1844 580 1881 orationem
610 1855 632 1879 a
662 1854 796 1879 sorore
826 1841 1022 1889 inceptam
1054 1841 1140 1889 ipsa
1170 1839 1384 1885 continuat,
1416 1852 1503 1876 cum
1528 1838 1665 1876 dolore
1690 1838 1843 1887 addens,

362 1923 426 1948 eos
456 1923 527 1960 per
556 1913 710 1946 tantum
740 1912 894 1958 tempus
926 1908 1024 1945 nihil
1048 1909 1262 1956 scripsisse.
1320 1904 1483 1952 uittam,
1514 1903 1685 1945 ualeant
1706 1907 1847 1944 omissa

361 1979 553 2028 particula
591 1977 897 2024 interrogativa,
945 1991 980 2014 v.
1013 1975 1062 2013 ad
1093 1976 1199 2013 Asin.
1233 1976 1336 2012 462:
1395 1974 1497 2022 „Sit‚
1540 1987 1618 2012 non
1657 1975 1726 2023 sit,
1769 1987 1846 2013 non

360 2046 500 2096 edepol
531 2042 649 2083 scio“.
711 2043 826 2093 Seyff.
861 2043 958 2081 Phil.
979 2043 1098 2090 ¹XXV
1129 2057 1167 2093 p.
1200 2044 1300 2081 442:
1352 2047 1421 2090 „ut
1449 2039 1628 2089 uiuant“,
1660 2055 1736 2092 quo
1768 2054 1844 2079 non

361 2128 471 2165 opus.
514 2135 559 2138 —
607 2114 669 2151 36.
717 2109 866 2161 ecquid
894 2109 1037 2161 αῃὰιηύ,
1077 2113 1108 2148 si
1140 2124 1274 2149 verum
1314 2115 1393 2157 est,
1440 2111 1489 2148 ad
1518 2111 1674 2160 negotia
1704 2123 1844 2148 merca—

360 2186 487 2220 torum
519 2181 765 2219 referendum
798 2184 878 2227 est,
925 2180 993 2217 sed
1032 2180 1146 2216 facile
1185 2179 1301 2218 credo
1339 2179 1419 2216 haec
1450 2192 1496 2215 ex
1527 2177 1844 2216 antecedentibus

360 2251 459 2287 male
498 2250 679 2299 repetitis
717 2252 805 2286 orta
842 2261 945 2290 esse,
993 2260 1224 2297 versumque
1255 2251 1540 2284 monometrum
1572 2247 1845 2296 anapaesticum

359 2319 490 2355 fuisse.
552 2317 754 2366 Bergkius,
786 2316 975 2354 Zeitschr.
1009 2316 1035 2353 f.
1062 2315 1235 2353 Alterth.
1267 2316 1371 2353 1850
1397 2328 1435 2364 p.
1463 2315 1555 2361 342,
1588 2318 1627 2351 et
1657 2313 1843 2352 Fleckeis.

364 2387 500 2436 „ecqui
538 2383 765 2434 indigeant‘²
809 2386 1071 2435 scripserunt;
1119 2383 1164 2421 R.
1201 2383 1337 2432 „ecqui
1368 2382 1464 2419 bene
1496 2380 1652 2431 agant“.
1688 2400 1736 2407 —-
1779 2381 1843 2420 37.

359 2450 627 2502 varticipant‚
674 2467 709 2490 v.
743 2453 792 2490 ad
823 2453 908 2490 Mil.
943 2452 1034 2490 234.
1075 2471 1129 2476 -
1177 2452 1241 2489 38.
1288 2447 1406 2500 quia,
1439 2451 1462 2487 i.
1495 2464 1527 2488 e.
1561 2449 1683 2500 quod,
1731 2462 1765 2487 v.
1796 2447 1844 2486 ad

360 2523 467 2559 Asin.
503 2524 564 2559 55.
607 2540 658 2545 —
705 2522 770 2559 41.
817 2518 933 2559 Nam.
964 2517 1067 2570 quic]
1095 2515 1207 2558 iam?
1251 2519 1304 2565 A,
1338 2532 1372 2555 v.
1405 2519 1455 2556 ad
1485 2517 1626 2567 Amph.
1661 2518 1753 2556 548.
1794 2533 1840 2541 —-

360 2591 427 2628 42.
459 2599 546 2626 meo
578 2585 729 2634 animo,
762 2602 795 2625 v.
815 2589 864 2626 ad
882 2589 997 2626 Most.
1017 2589 1110 2626 909.
1136 2607 1188 2612 -—
1213 2588 1279 2625 47.
1310 2582 1363 2624 In
1393 2586 1486 2624 Pius
1511 2586 1663 2623 addidit
1683 2596 1844 2635 prorsus

360 2657 598 2704 necessario,
639 2657 684 2693 cf.
718 2656 805 2693 Ter.
839 2656 979 2694 Heaut.
1017 2657 1113 2693 198:
1164 2669 1236 2703 „ne
1274 2655 1368 2704 quid
1407 2656 1446 2691 in
1485 2655 1594 2691 illum
1633 2653 1721 2704 plus
1749 2653 1843 2690 satis

360 2722 497 2763 faxit“.
537 2744 591 2749 —-
631 2723 715 2761 tam
745 2725 799 2770 A,
838 2725 861 2760 i.
895 2737 926 2761 e.
961 2729 1109 2770 tamen,
1150 2737 1184 2760 v.
1219 2722 1268 2760 ad
1299 2722 1459 2771 Argum.
1493 2721 1528 2768 I,
1562 2723 1605 2768 2;
1651 2721 1719 2759 sed
1749 2718 1843 2757 nihil

361 2794 504 2839 obstat,
537 2805 612 2842 quo
643 2790 771 2828 minus
803 2804 886 2828 cum
919 2792 979 2828 BC
1015 2790 1192 2838 „tamen“
1228 2790 1432 2827 scribatur.
1461 2809 1512 2813 —-
1543 2790 1608 2826 48.
1644 2788 1724 2836 „Ne
1748 2784 1843 2837 quid
