2009 3218
755 194 794 229 v.
821 196 1011 230 eoo—647.
1553 198 1632 237 549

143 337 249 364 suam
281 323 514 374 praedicnsse
546 323 720 361 ostendit
750 322 958 373 Epignomi
998 337 1239 374 responsum.
1308 324 1472 362 Relictis
1512 325 1634 372 igitur

145 392 307 430 duorum
339 404 520 428 versuum
550 390 730 441 partibus
770 404 855 440 quae
892 392 1096 441 perierunt
1126 393 1310 442 supplere
1343 396 1504 430 conatus
1535 405 1631 429 sum.

144 460 189 499 R.
223 459 303 497 e‹l.:
342 459 466 506 „Noui
499 471 589 508 ego:
630 463 726 508 aput
756 472 816 496 me
848 460 945 495 satis
976 463 1193 509 spectatast.
1225 460 1319 497 mihi
1351 461 1425 497 iam
1457 464 1525 497 tua
1557 461 1633 497 istu.

142 524 333 567 facilitas“
376 530 468 577 post
505 527 586 564 haec
624 540 780 564 versum
819 527 1007 564 excidisse
1038 530 1237 574 stutuens3
1283 530 1321 565 in
1354 530 1460 566 notis
1492 532 1631 575 autem,

144 595 247 647 quod
277 597 427 646 recepit
459 593 616 642 GoetZ.⁷
660 593 786 642 „Noui
817 607 905 644 ego:
954 595 1029 631 ista
1060 595 1153 631 satis
1185 599 1400 643 spectatast
1431 596 1525 633 mihi
1556 598 1631 633 iam

139 667 210 702 tua
248 660 456 708 felicitas“‚
503 675 587 712 quae
628 663 746 700 talem
787 675 940 699 versun]
984 664 1180 712 excepisse
1221 667 1362 711 putat:
1421 664 1529 711 „Qua
1568 665 1632 701 de-

141 743 292 782 pugnes
321 731 474 768 uentris
506 744 640 778 causa,
686 730 804 768 homo
846 730 976 777 nihili,
1025 743 1112 767 cum
1152 731 1288 768 alienis
1329 730 1480 769 Lonis“.
1557 732 1634 769 Sed

142 800 340 838 felicitatis
371 799 516 836 mentio
547 801 587 835 in
619 798 943 836 antecedentibus
969 798 1229 836 desideratur.
1290 798 1371 837 Leo
1387 799 1489 837 Mus.
1508 800 1631 838 Rhen.

140 866 312 906 XXXIX
341 880 379 916 p.
413 868 491 904 471
525 880 604 904 uno
635 880 771 904 versu:
810 866 919 913 „Non
952 879 1052 916 nego
1085 867 1160 903 ista
1191 870 1288 915 aput
1317 871 1368 904 te.
1417 868 1494 905 ΕΡ.
1529 868 1633 905 Satis

142 937 356 985 spectatast
392 935 488 972 mihi
527 936 603 972 iam
642 939 711 972 tua
750 931 959 972 felicitas“.
992 953 1046 960 -
1088 935 1182 972 632.
1220 945 1307 972 rem
1339 930 1632 985 confressimus,

143 1002 316 1041 of.Trin.
339 1004 430 1041 109.
459 1023 512 1029 —
545 1004 638 1042 633.
675 999 1036 1053 Cataqelasinzum,
1066 1005 1112 1040 ut
1142 1003 1210 1052 qui
1241 1016 1318 1040 non
1351 1004 1471 1041 solum
1506 1004 1634 1041 rideas

139 1074 180 1109 et
208 1072 330 1108 risum
361 1084 531 1118 moveas,
564 1072 632 1108 sed
664 1073 783 1109 etiam
815 1085 876 1109 me
908 1071 1099 1118 derideas,
1132 1072 1336 1121 καταγελᾷς.

256 1139 348 1177 634.
394 1135 541 1177 Iamne
572 1135 794 1177 abierunt?
838 1138 885 1177 A.
961 1139 1076 1186 Quod
1114 1153 1209 1177 vero
1248 1139 1352 1177 idem
1385 1141 1426 1177 in
1459 1143 1633 1177 extremo

140 1219 258 1246 versu
280 1207 449 1257 praebet:
487 1221 613 1254 „nunc
637 1209 798 1246 consilio
823 1211 936 1258 capto
961 1204 1119 1256 opust“,
1151 1221 1186 1245 v.
1213 1207 1344 1246 Loew.
1362 1208 1478 1245 Anal.
1496 1223 1534 1258 p.
1558 1209 1634 1245 184

144 1294 193 1301 -
225 1275 403 1313 Studem.
431 1276 543 1314 Stud.
575 1276 593 1313 I
623 1290 661 1326 p.
696 1277 775 1314 208
812 1274 950 1324 „caro“
986 1277 1137 1325 legerat
1167 1295 1234 1323 —,
1267 1276 1307 1312 id
1348 1277 1635 1326 repudiandum

141 1346 218 1390 est,
258 1344 351 1393 quia
389 1357 460 1380 nec
499 1358 587 1382 cum
623 1341 723 1382 uide
760 1348 856 1382 satis
896 1345 1077 1394 congruit
1106 1357 1177 1381 nec
1215 1357 1299 1381 cum
1341 1346 1408 1391 iis,
1457 1357 1543 1393 quae
1574 1358 1632 1381 se—

141 1415 326 1462 quuntur.
387 1412 485 1450 Nan]
518 1413 550 1450 si
581 1413 776 1450 retinetur
806 1416 1023 1449 ceterorum
1056 1412 1232 1450 codicum
1263 1413 1471 1462 script-ura,
1507 1413 1636 1450 deleto

145 1477 233 1527 „es“
267 1483 311 1517 ut
339 1480 421 1528 F1.‚
453 1481 562 1518 nulla
593 1494 709 1518 causa
740 1485 816 1527 est,
861 1494 929 1518 cur
961 1494 1046 1517 cum
1078 1481 1123 1518 R.
1156 1494 1311 1518 versum
1342 1481 1531 1518 excidisse
1562 1494 1634 1531 pu-

139 1552 279 1586 temus.
323 1568 379 1575 --
425 1551 519 1587 635.
567 1545 632 1587 Tu
667 1558 719 1586 ne
764 1552 802 1585 et
851 1545 949 1586 Tibi
992 1559 1067 1596 ne,
1125 1563 1160 1586 v.
1202 1549 1251 1586 ad
1290 1550 1398 1586 Asin.
1440 1550 1533 1586 875.
1579 1568 1635 1573 —

149 1611 284 1655 Uiden
313 1616 372 1654 Fl.
406 1621 445 1654 et
477 1617 543 1664 R.‚
584 1621 630 1654 ut
660 1618 693 1653 A
723 1618 764 1654 in
803 1616 952 1653 duobus
992 1617 1197 1666 proximus
1229 1617 1420 1654 versibus.
1453 1637 1506 1642 —
1539 1618 1633 1655 636.

140 1683 188 1722 ut
215 1684 263 1721 A.
313 1682 578 1735 prothymiae
606 1685 660 1732 A,
690 1688 900 1735 promptus
927 1685 977 1722 ad
1000 1685 1237 1722 hilaritatem
1263 1687 1437 1732 animm,
1471 1685 1515 1722 cf.
1539 1686 1633 1724 659.

139 1751 280 1790 Pseud.
327 1754 445 1791 1268.
487 1772 541 1778 —
581 1754 674 1790 637.
715 1749 851 1801 ipsos,
901 1753 1100 1800 dominos,
1138 1750 1438 1802 parasitaster,
1485 1754 1635 1802 parasi-

138 1824 269 1859 torum
301 1835 400 1871 opus
430 1821 572 1858 facere.
613 1840 667 1846 -—
705 1822 798 1859 638.
830 1817 1044 1870 inspiciet,
1087 1821 1132 1858 cf.
1173 1821 1274 1858 Rud.
1311 1822 1436 1859 1275:
1490 1821 1635 1868 „Num-

142 1901 256 1939 quam
288 1889 428 1940 edepol
458 1889 574 1926 hodie
605 1888 654 1926 ad
684 1902 892 1938 uesperum
923 1888 1087 1938 Gripum
1118 1890 1337 1939 inspicietis
1379 1888 1554 1927 uiuom“.
1579 1909 1633 1914 -—

143 1957 236 1995 639.
272 1955 447 2006 potione
490 1953 650 1996 iuncea.
725 1957 907 2007 Laqueus
954 1957 1197 2007 significatur
1242 1971 1288 1994 ex
1333 1958 1448 1994 iunco
1493 1958 1633 2005 factus,

141 2038 231 2062 nam
269 2025 480 2076 suspendio
520 2024 635 2063 finire
672 2026 794 2062 vitam
833 2026 1058 2073 constituit3
1105 2026 1174 2064 sed
1213 2026 1389 2076 parasito
1420 2027 1553 2063 omnia
1584 2025 1634 2063 ad

140 2089 282 2143 qulam
311 2094 549 2131 referuntur.

257 2367 350 2404 641.
384 2366 607 2404 Extremam
639 2367 779 2405 fabulae
810 2370 1192 2417 partemfflservorum
1220 2366 1441 2404 convivium
1469 2366 1633 2403 obtinet.

142 2429 276 2481 More,
305 2435 444 2484 μώρως,
476 2448 511 2472 v.
546 2435 596 2472 ad
626 2435 730 2472 Men.
765 2436 856 2473 557.
889 2454 944 2459 --
975 2430 1100 2472 Stulte
1128 2434 1175 2472 A.
1207 2453 1260 2458 —
1295 2434 1386 2472 642.
1428 2434 1633 2471 structura

142 2503 403 2552 parataetica,
437 2503 482 2541 cf.
518 2504 610 2540 527.
681 2502 891 2552 Vituperat
930 2503 1106 2540 inutilem
1138 2502 1249 2539 illum
1281 2515 1447 2548 morem,
1495 2515 1571 2550 quo
1603 2502 1636 2539 si

143 2582 255 2619 quem
288 2574 577 2619 exspectamus,
617 2572 843 2622 prospicere
874 2571 1058 2616 solemus,
1098 2583 1147 2607 an
1188 2571 1331 2609 veniat.
1401 2567 1634 2618 proni-sere,

144 2637 191 2675 cf.
216 2638 264 2675 ad
289 2638 392 2676 Men.
421 2640 512 2676 691.
542 2658 591 2664 —
628 2639 721 2676 643.
758 2634 849 2687 Qui,
882 2642 927 2676 ut
960 2639 1051 2676 645.
1111 2633 1185 2676 illa
1218 2648 1351 2684 causa,
1384 2652 1419 2675 v.
1445 2637 1493 2674 ad
1518 2637 1632 2675 Most.

147 2706 240 2745 386.
264 2726 320 2731 —
345 2704 459 2744 ocius
488 2703 622 2744 ‘nihilo
653 2707 707 2754 A;
740 2707 887 2743 hiatum
920 2719 1068 2743 caesura
1091 2709 1237 2744 tuetur.
1264 2725 1318 2731 —
1343 2706 1435 2743 647.
1473 2701 1633 2743 Gadum

145 2782 235 2812 eum
265 2770 373 2821 vino,
405 2787 442 2812 v.
468 2775 516 2811 ad
543 2774 650 2812 Pers.
679 2775 771 2812 266.
803 2793 860 2799 —
887 2770 985 2812 hinc
1015 2783 1039 2812 a
1067 2784 1131 2812 me
1155 2771 1244 2820 huc,
1278 2775 1324 2812 cf.
1353 2773 1398 2811 ad
1429 2773 1511 2810 Mil.
1539 2774 1633 2810 331.
