2009 3218
837 211 878 247 v,
904 213 1094 248 655-691.
1631 217 1715 257 649

227 338 361 386 „AST.
402 339 475 386 Qui
508 337 626 376 dum?
687 338 794 377 STR.
830 339 929 386 Quia
962 343 1090 379 amoni
1123 355 1169 379 ex
1199 347 1358 392 pectore
1389 342 1710 381 truculentiam“.

222 406 356 445 Muell.
387 406 551 445 Nachtr.
584 406 608 444 l.
642 407 686 444 l.:
725 407 858 453 „AST.
893 407 994 454 Quid
1025 409 1099 446 tibi
1130 408 1218 446 uis?
1251 411 1343 459 quin
1375 415 1481 448 tuam
1513 413 1712 462 expromis

221 473 551 512 truculentiam?“
616 473 723 512 Sch.:
770 475 892 521 „Quid
927 476 1011 513 ais?
1055 475 1162 514 AST.
1195 476 1295 523 Quid
1328 477 1415 516 uis?
1468 477 1575 516 STR.
1609 478 1709 525 Quin

220 546 325 580 tuam
367 547 551 592 exspecto
588 541 923 593 obsequentiam“.
1000 543 1187 582 Ribbeck.
1228 544 1328 583 Mus.
1370 545 1491 583 Rhen.
1523 546 1712 584 XXXVII

219 622 259 659 p.
284 611 384 648 423:
421 614 552 657 „tuam
586 615 782 661 exspecto,
815 624 893 658 rus,
926 612 1246 650 truciilentian1“.
1309 612 1402 659 Quae
1433 627 1549 663 quum
1583 615 1713 653 omnia

219 679 361 729 partim
394 679 508 716 nimis
538 680 701 726 incerta,
733 680 878 729 partim
910 680 1052 718 vitiosa
1084 681 1174 726 sint,
1207 681 1244 718 in
1275 682 1454 731 proximo
1485 695 1600 720 versu
1632 695 1710 720 non

220 745 357 784 dubito
398 747 492 796 quin
533 747 695 785 Plautus
727 743 858 786 Dicin
896 748 1120 798 scripserit;
1168 762 1255 785 nam
1290 748 1387 788 ..Dic
1417 750 1580 799 inpera⁴⁴
1615 751 1710 788 ferri

219 827 296 852 non
328 819 474 864 potest.
535 815 616 853 Hoc
648 819 776 853 autem
809 815 903 866 quid
937 815 1044 854 aliud
1077 829 1190 866 quam
1224 812 1332 854 clare
1363 818 1540 868 excipere
1571 820 1709 868 possit,

219 895 295 919 nou
328 882 458 921 video.
495 903 543 908 —
579 884 671 922 667.
705 893 866 931 omnes,
908 899 944 921 v.
976 884 1024 922 ad
1056 883 1156 922 Rud.
1193 885 1286 922 515.
1317 904 1370 909 -
1406 886 1496 923 668.
1530 882 1596 923 uel
1626 882 1711 924 iam

220 949 324 987 Cam.
366 970 419 975 —
461 952 555 989 670.
602 948 751 990 Haben
786 952 829 990 tu
858 972 913 978 —
955 947 1147 990 Pretium
1178 951 1355 1000 Seyffert.
1389 952 1526 990 Philol.
1559 953 1712 992 XXVII

219 1032 255 1069 p.
290 1020 385 1057 465.
414 1039 467 1044 —
505 1014 701 1065 fortasse,
735 1034 770 1057 v.
804 1020 851 1058 ad
883 1020 1024 1070 Amph.
1059 1021 1151 1058 615.
1184 1040 1237 1046 —
1270 1021 1364 1058 672.
1395 1030 1572 1059 commeo
1604 1022 1709 1060 Cam.

219 1086 306 1124 Non
347 1088 486 1124 mirum
527 1093 604 1131 est,
651 1086 797 1137 inquit.
843 1103 903 1126 uie
942 1089 1013 1127 hoc
1058 1089 1316 1135 intellexisse,
1365 1102 1453 1126 nam
1500 1094 1709 1140 postquam

219 1154 357 1192 crebro
388 1156 523 1193 urbem
556 1157 703 1201 inviso,
750 1156 988 1194 urbanorum
1028 1157 1225 1194 hominum
1270 1157 1383 1195 modo
1426 1157 1536 1194 dicax
1578 1162 1616 1195 et
1647 1172 1709 1196 ca-

218 1223 376 1261 villator
407 1224 531 1261 faetus
563 1237 660 1261 sum.
686 1244 741 1249 —
770 1226 861 1264 673.
896 1221 1038 1264 Dicax
1068 1235 1161 1264 sum
1191 1217 1331 1271 factus
1362 1223 1464 1262 Cam.
1528 1222 1714 1264 caulator

219 1290 525 1342 Kampmannm,
558 1294 612 1329 sic
644 1295 744 1330 enim
777 1295 925 1331 rustice
950 1307 1084 1331 vocem
1109 1293 1354 1343 pronuntiat,
1387 1294 1493 1343 quod
1516 1294 1712 1344 Astaphio

216 1360 428 1397 ridiculum
456 1360 613 1397 videtur
635 1374 703 1398 nec
731 1363 804 1398 nisi
831 1375 878 1398 ex
904 1362 1089 1411 opinione
1114 1360 1425 1409 intelligendum.
1445 1381 1497 1387 —-
1524 1363 1603 1400 674
1622 1361 1708 1412 Sp.:

221 1429 356 1474 „mitte
411 1426 535 1473 (Sch.:
583 1428 695 1476 siste)
742 1427 1010 1478 ridicularia‘st
1046 1449 1094 1455 —
1124 1431 1202 1467 675
1243 1429 1329 1467 Sch.
1365 1442 1447 1467 cum
1482 1429 1709 1478 Seyffertio:

222 1494 569 1542 ‚‚Cauillatorem“.
605 1516 655 1522 -
690 1499 781 1535 676.
821 1494 930 1536 illud
960 1499 1118 1548 scripsi,
1159 1499 1182 1534 i.
1216 1512 1247 1535 e.
1282 1511 1367 1534 mea
1399 1499 1504 1535 vocis
1535 1510 1710 1548 pronun-

216 1565 345 1601 tiatio.
406 1564 571 1614 Speng.:
609 1574 675 1612 „ut
695 1595 702 1602 .
725 1596 731 1602 .
753 1596 759 1603 .
781 1564 976 1603 differat“.
1037 1561 1222 1604 caulibus
1246 1565 1360 1603 Both.
1386 1585 1441 1590 —
1467 1567 1559 1603 677.
1595 1563 1707 1613 „me“

217 1636 255 1668 et
290 1631 413 1678 „hoc”
448 1647 523 1671 om.
557 1633 674 1672 Both.
707 1654 757 1659 —
793 1635 885 1672 678.
919 1631 1024 1672 hanc
1055 1634 1210 1672 noc-tem
1238 1633 1344 1671 Cam.
1377 1652 1429 1658 —
1464 1635 1555 1671 679.
1592 1629 1711 1671 Perii

216 1705 255 1737 et
286 1696 447 1739 beluam
479 1701 538 1739 ed.
563 1715 623 1752 pr.
657 1722 710 1727 --
743 1703 836 1740 680.
869 1699 909 1740 A
940 1696 1048 1748 facio
1079 1701 1145 1752 Sp.
1206 1698 1324 1749 lucri,
1356 1715 1390 1740 v.
1410 1702 1459 1739 ad
1483 1701 1592 1739 Pers.
1613 1703 1708 1740 665.

215 1787 268 1793 —
317 1768 392 1806 681
443 1768 557 1807 affert
596 1769 748 1808 Probus
788 1770 834 1807 de
872 1771 998 1808 ultim.
1037 1770 1174 1819 syllab.
1213 1783 1251 1819 p.
1286 1770 1363 1808 263
1398 1770 1466 1807 K.:
1517 1769 1710 1817 „Plautus

216 1836 317 1874 dixit
353 1850 374 1874 a
408 1836 650 1876 Praenistinis
689 1851 827 1876 concas
866 1851 938 1888 pro
977 1839 1144 1876 ciconeis
1185 1836 1418 1887 appellari“.
1494 1837 1705 1874 Praenesti·

215 1917 353 1942 norum
387 1905 577 1943 dialectus
608 1908 784 1955 tangitur
815 1908 932 1943 etiam
963 1906 1069 1944 Trin.
1098 1908 1190 1943 611.
1223 1925 1277 1931 -
1310 1907 1402 1943 683.
1437 1901 1487 1944 Si
1517 1915 1614 1944 rure
1644 1906 1706 1943 ed.

213 1986 274 2023 pr.
308 1993 361 1997 —
390 1969 455 2011 hic
485 1971 598 2022 apud
626 1984 703 2012 nos
735 1974 796 2012 est
826 1974 935 2021 Sch.;
969 1974 1095 2012 Guiet.
1133 1972 1243 2019 ,‚hi0“
1278 1973 1375 2020 del.;
1407 1973 1571 2024 Speng.:
1608 1973 1707 2020 „Hic

215 2042 371 2091 quidem
405 2041 509 2091 apud
542 2055 612 2080 nos
645 2046 703 2079 est
735 2041 952 2090 Strabax“;
992 2054 1064 2090 ego
1095 2055 1234 2079 nomen
1267 2055 1351 2079 cum
1383 2043 1559 2090 proximo
1592 2055 1706 2079 versu

215 2111 336 2147 iunxi.
369 2129 424 2134 —
457 2110 548 2148 685.
581 2106 653 2149 Eu
683 2106 835 2159 edepol,
869 2124 904 2148 v.
938 2111 986 2148 ad
1017 2111 1135 2148 Most.
1164 2111 1255 2148 331.
1319 2106 1443 2147 nihili
1473 2110 1532 2148 ed.
1560 2123 1624 2162 pr.
1650 2129 1705 2135 —-

213 2173 358 2217 Iamne
387 2178 511 2225 Acid.‚
556 2178 602 2215 cf.
636 2178 683 2215 ad
717 2178 854 2216 Bacch.
892 2179 984 2216 200.
1019 2198 1068 2204 —-
1105 2179 1198 2216 686.
1235 2173 1369 2226 Quian
1399 2174 1521 2216 nihili
1552 2177 1617 2227 Sp.
1651 2197 1706 2202 —

213 2242 245 2283 I
266 2242 379 2285 intro
410 2248 469 2285 ed.
503 2261 561 2298 pr.
599 2265 646 2271 —
684 2247 774 2284 687.
819 2243 946 2284 ducor
977 2246 1036 2284 ed.
1070 2259 1129 2296 pr.
1163 2265 1215 2270 —
1257 2247 1350 2283 688.
1389 2255 1478 2284 mea
1508 2242 1623 2292 mihi,
1656 2246 1702 2283 cf.

214 2313 262 2351 ad
293 2314 434 2365 Amph.
471 2315 564 2352 265.

330 2520 422 2557 689.
455 2519 696 2569 Septenariis
722 2518 931 2556 trochaicis
955 2531 1071 2555 scena
1094 2519 1243 2568 scripta
1266 2523 1336 2565 est,
1369 2526 1444 2567 qua
1470 2517 1702 2554 Diniarchus

213 2586 361 2637 gaudet
391 2587 497 2636 quod
529 2587 629 2625 dona
662 2600 730 2624 sua
761 2586 977 2624 Phronesio
1010 2591 1172 2636 accepta
1201 2586 1361 2623 fuerint.
1385 2606 1439 2610 —
1468 2586 1558 2622 690.
1597 2580 1705 2633 Quoi

214 2667 300 2691 cum
338 2656 517 2705 proximo
558 2655 761 2700 coalescit,
808 2655 884 2691 nisi
924 2655 1130 2692 omittatur
1173 2651 1309 2703 „ego“.
1394 2649 1546 2692 Ueneri
1591 2663 1704 2690 meae

214 2721 329 2771 Seyff.
360 2722 501 2760 Philol.
533 2713 684 2760 XXVII
715 2736 752 2772 p.
787 2723 888 2768 465,
936 2722 983 2759 cf.
1017 2722 1064 2758 ad
1097 2721 1209 2760 Cure.
1248 2723 1337 2760 192.
1370 2741 1423 2746 —
1466 2722 1558 2758 691.
1601 2717 1703 2759 laete

212 2789 300 2827 add.
337 2789 402 2840 Sp.
446 2810 493 2816 -·-
545 2787 740 2839 differor.
786 2803 822 2827 v.
863 2790 911 2826 ad
942 2789 1026 2826 Mil.
1063 2791 1182 2828 1157.
1227 2810 1283 2815 -
1330 2792 1420 2828 694.
1469 2789 1529 2825 est
1566 2802 1703 2826 versus
