2009 3218
145 227 176 269 Ι.
204 230 233 267 1.
260 227 370 261 1—16
756 223 1002 258 Trinnnunus.
1546 225 1627 264 255

556 1049 965 1092 MEGARONIDES
1026 1048 1222 1090 SENEX.

147 1187 340 1229 Amicum
373 1187 585 1236 castigare
619 1186 673 1227 ob
708 1187 902 1227 meritam
936 1185 1105 1227 noxiam

147 1258 346 1300 Inmoene
377 1263 442 1299 est
475 1258 651 1305 facinus,
684 1273 835 1314 uerum
867 1259 908 1299 in
941 1263 1083 1299 aetate
1116 1258 1221 1300 utile

149 1329 202 1371 Et
233 1330 513 1371 conducibile.
576 1330 684 1372 Nam
718 1344 794 1384 ego
827 1331 1015 1372 amicum
1047 1330 1174 1371 hodie
1209 1346 1346 1372 meum
1588 1345 1632 1378 25

147 1399 461 1454 Concastigabo
494 1415 571 1455 pro
603 1403 840 1444 conmerita
870 1403 1011 1453 noxia,

147 1472 326 1519 Inuitus.
358 1474 401 1514 ni
433 1473 476 1515 id
510 1488 576 1515 me
608 1475 764 1516 inuitet
794 1479 843 1516 ut
874 1474 1027 1516 faciam
1060 1473 1179 1516 fides.

147 1544 253 1587 Nam
286 1545 354 1586 hic
384 1546 560 1587 nimium
594 1546 769 1588 morbus
802 1560 943 1587 mores
975 1547 1138 1588 inuasit
1169 1547 1329 1599 bonos3

146 1616 214 1658 Ita
244 1616 436 1671 plerique
469 1632 615 1659 omnes
648 1619 731 1659 iam
763 1623 865 1660 sunt
896 1620 1185 1660 intermortui.

147 1688 230 1731 Sed
260 1689 361 1730 (lum
393 1689 454 1730 illi
487 1694 727 1743 aegrotant.
760 1691 933 1732 interim
965 1705 1106 1733 mores
1138 1692 1238 1732 mali
1588 1707 1633 1740 30

149 1759 276 1810 Quasi
307 1760 441 1802 herba
472 1762 638 1815 inrigua
672 1777 923 1804 succreuere
954 1763 1194 1814 uberrume‚

147 1832 293 1887 Neque
325 1834 555 1888 quicquam
587 1834 656 1876 hic
688 1835 772 1877 uile
805 1849 918 1877 nunc
949 1840 1016 1877 est
1047 1836 1128 1876 nisi
1162 1851 1301 1878 mores
1333 1838 1454 1887 mali3

150 1904 306 1947 Eorum
336 1905 438 1947 licet
468 1907 552 1947 iam
586 1912 746 1948 metere
779 1921 958 1948 messem
990 1921 1256 1960 maxumam;

147 1976 372 2030 Nimioque
403 1977 472 2019 hic
504 1978 640 2032 pluris
673 1980 923 2032 pauciorum
956 1981 1141 2033 gratiam

149 2047 328 2090 Faciunt
359 2064 458 2104 pars
491 2050 709 2092 hominum
743 2065 872 2105 quam
904 2051 946 2092 id
979 2052 1094 2106 quod
1129 2054 1266 2106 prosit
1298 2053 1507 2106 pluribus.
1588 2066 1633 2099 35

147 2119 214 2162 Ita
244 2122 420 2163 uincunt
451 2122 555 2163 illud
588 2122 859 2164 conducibile
891 2125 1071 2177 gratiae,

149 2191 266 2242 Quae
297 2194 339 2234 in
371 2193 498 2235 rebus
531 2194 677 2236 multis
711 2195 886 2237 obstant
919 2195 1183 2250 odiosaeque
1216 2202 1318 2238 sunt

151 2262 462 2318 Remoramque
495 2265 662 2307 faciunt
691 2268 752 2308 rei
786 2268 982 2320 priuatae
1014 2272 1058 2309 et
1089 2268 1302 2321 publicae.

263 2467 420 2503 Titulum
445 2479 510 2503 om.
539 2469 604 2503 AC
670 2470 715 2503 23
739 2469 798 2504 Me
825 2470 982 2506 amicum
997 2471 1066 2506 BC
1134 2473 1268 2507 merita
1292 2480 1315 2508 fi
1340 2475 1438 2509 mala
1461 2476 1573 2510 noxia
1585 2475 1632 2515 B,

152 2524 280 2558 merita
303 2536 377 2559 non
402 2526 497 2559 mala
522 2525 565 2570 35ss
591 2528 700 2560 noxia
721 2527 750 2561 (J
824 2529 868 2561 24
896 2528 1061 2563 Immune
1075 2529 1120 2570 A,
1148 2529 1300 2564 Inmene
1319 2530 1387 2566 Bc
1452 2534 1496 2566 25
1521 2533 1632 2567 hodie

151 2580 304 2615 unicum
331 2593 450 2616 meum
477 2582 511 2616 A
609 2585 652 2617 26
678 2585 948 2627 congastigaho
977 2585 1006 2620 Ο
1093 2587 1137 2620 27
1161 2598 1219 2621 me
1243 2588 1279 2622 id
1305 2587 1373 2623 BC
1463 2590 1574 2624 faciat
1598 2591 1633 2624 A

150 2635 194 2670 29
217 2638 385 2682 pret-ique
410 2639 455 2675 A.
483 2639 698 2684 plerumque
724 2640 793 2675 BC
879 2642 998 2675 omnis
1023 2642 1096 2684 BC,
1121 2643 1288 2679 homines
1313 2645 1346 2679 A
1439 2647 1483 2681 30
1507 2658 1634 2689 aegro-

151 2693 246 2728 tanti
270 2695 305 2728 A
395 2698 435 2729 31
464 2697 728 2731 succre'ueruut
753 2696 820 2731 BC
908 2699 952 2731 32
976 2710 1071 2733 nunc
1097 2704 1154 2734 est
1177 2701 1250 2734 uile
1275 2702 1308 2735 A
1407 2704 1450 2737 33
1475 2715 1632 2738 messem

151 2753 287 2785 metere
313 2751 344 2787 Ο
431 2754 474 2786 35
499 2754 645 2796 prosint
744 2755 788 2787 36
811 2753 1063 2790 conductibile
1089 2755 1157 2791 BC
1257 2758 1299 2791 37
1324 2757 1359 2792 Β
1383 2759 1505 2794 versui
1529 2760 1634 2794 addit

153 2804 312 2850 afficies
337 2810 595 2851 megaronidee
