2009 3218
345 876 349 881 '
419 874 655 912 Ritschelius
694 874 852 922 Parerg.
892 887 931 923 p.
967 875 1046 911 280
1079 886 1177 922 sqq,
1209 873 1457 920 Ladewigius
1495 873 1625 912 Ueber
1663 873 1737 911 den
1774 870 1937 912 Canon.⁴

419 208 500 246 516
930 201 934 206 '
1082 203 1240 238 Stichus.

416 333 639 383 explicatos,
672 331 740 369 sed
771 335 875 369 recta
906 345 927 368 a
957 332 1180 370 carceribus
1212 332 1261 369 ad
1291 331 1434 369 calcem
1467 331 1659 370 decurrat.
1720 288 1950 395 Moribus}

417 412 669 449 personarum
715 400 872 447 egregie
918 399 1082 449 depictis
1125 400 1419 446 1aetamur‚et
1458 412 1582 449 quum
1630 412 1759 438 rarum
1804 399 1953 439 illudi

419 468 615 516 exemplar
652 467 870 516 coniugalis
901 466 991 504 fidei
1021 466 1203 505 laudibus
1233 479 1531 517 prosequamur,
1569 470 1650 504 tum
1686 467 1942 516 parasitum
1922 444 1949 496 ξ’

419 540 458 573 et
489 548 624 572 servos
655 548 702 572 ex
733 536 861 572 animo
883 534 1077 582 ridemus3
1110 538 1382 582 argumentum
1407 535 1608 585 aliquanto
1635 521 1943 584 complicatiuss

419 603 633 650 mallemus,
681 605 720 639 et
758 606 969 640 extremam
1008 602 1148 639 fabulae
1185 606 1336 652 partem
1377 606 1456 640 tam
1496 603 1585 641 laxo
1622 603 1778 640 vinculo
1820 590 1966 662 cum-³}

417 671 614 721 prioribus
645 672 814 708 iunctam
847 683 929 708 esse
959 672 1157 708 miramur.
1233 670 1315 707 Hoc
1347 669 1643 715 animadverso,
1688 671 1939 722 praesertim:

419 752 538 789 quum
574 738 707 776 fabula
744 738 946 788 perbrevis
977 740 1046 784 sit,
1096 738 1173 775 773
1207 738 1308 774 enim
1339 738 1517 776 versibus
1550 737 1787 786 absolvitur,
1833 733 1946 788 viri<

419 807 525 845 docti
555 806 801 844 intercidisse
832 809 963 856 partes
996 806 1147 855 aliquas
1176 805 1320 842 fabulae
1359 806 1546 856 suspicati
1585 808 1694 852 sunt,
1741 806 1954 850 maximoc

421 943 487 981 des
519 942 716 992 Sedigitas
746 957 782 993 p.
818 943 882 988 28
913 943 958 979 cf.
986 941 1126 979 Philol.
1154 941 1264 978 XVII
1288 955 1327 991 p.
1353 942 1456 988 435,
1497 941 1691 991 Bergkius
1721 941 1908 981 Zeitschr.
1908 928 1963 1012 ἐξ

420 1011 446 1049 f.
492 1011 787 1048 Alterthumsw
837 1011 941 1048 1850
987 1024 1023 1060 p.
1073 1010 1151 1048 343
1197 1009 1236 1046 ff.
1326 1009 1398 1046 Hic
1443 1009 1601 1058 quidem
1647 1013 1737 1047 ante
1781 979 1938 1071 omnia}

422 1092 573 1116 scenam
612 1079 869 1129 desideravit,
917 1091 994 1127 qua
1030 1077 1274 1127 Epignomus
1312 1078 1467 1115 domum
1506 1078 1630 1115 redux
1671 1091 1756 1115 cum
1792 1066 1935 1134 uxorei}

423 1147 529 1184 fideli
576 1147 739 1184 salutem
783 1150 823 1183 et
859 1149 988 1195 prima
1025 1146 1226 1183 redeuntis
1265 1145 1407 1193 gaudia
1445 1146 1763 1184 communicaret.
1836 1145 1930 1185 Βθᾶι

423 1215 519 1252 talia
556 1215 729 1264 antiquis
768 1215 924 1252 comicis
964 1214 1120 1250 minime
1157 1214 1375 1250 necessaria.
1414 1213 1665 1251 videbantur.
1727 1213 1930 1254 Goetziwx

423 1285 464 1321 in
493 1283 604 1321 Actis
641 1296 718 1320 soc.
762 1283 896 1332 philol.
928 1282 1035 1331 Lips.
1069 1281 1120 1319 VI
1160 1296 1197 1332 p.
1239 1282 1318 1319 302
1361 1286 1541 1319 accurate
1577 1285 1663 1319 tota
1701 1268 1933 1332 quaestion&

422 1356 596 1389 tractata
626 1352 784 1389 lacunas
816 1351 970 1400 quidem
1003 1350 1168 1388 maiores
1204 1350 1330 1387 nullas
1368 1349 1591 1400 indagavit,
1638 1349 1709 1388 sed
1740 1349 1932 1405 Stichum·

423 1425 466 1458 ut
498 1421 595 1457 alias
628 1419 798 1456 eiusdem
832 1418 999 1455 ambitus
1030 1418 1192 1464 fabulas,
1225 1417 1499 1455 Curculionem
1531 1421 1570 1455 et
1601 1417 1824 1468 Epidicum,
1855 1407 1939 1459 ι’θ-ἷῖέ

422 1489 658 1526 tractatione
696 1489 735 1524 in
775 1487 934 1525 brevius
974 1489 1193 1524 contractas
1223 1486 1389 1535 putavit,
1421 1485 1461 1523 id
1493 1485 1596 1535 q-uod
1630 1486 1724 1524 mihi
1756 1485 1934 1535 quidem&

426 1570 504 1594 non
535 1558 574 1594 in
606 1556 679 1593 hac
710 1557 833 1605 magis
863 1568 977 1604 quam
1010 1556 1050 1592 in
1081 1554 1161 1591 illis
1191 1554 1401 1603 probatum
1433 1554 1601 1592 videtur.
1901 1550 1934 1597 ξ’

537 1624 785 1662 Ambrosiani
824 1623 1070 1673 palimpsesti
1101 1621 1335 1659 membranae
1376 1622 1424 1659 ad
1464 1622 1641 1660 Stichum
1678 1606 1937 1680 pertinente&

424 1698 570 1743 praeter
601 1697 790 1742 quattuor
820 1704 952 1728 omnes
985 1690 1034 1728 ad
1064 1703 1135 1727 nos
1165 1693 1440 1738 pervenerunt.
1508 1691 1552 1728 In
1582 1691 1643 1738 iis,
1676 1702 1762 1740 quae
1790 1686 1943 1740 perimi

425 1765 537 1807 runt,
577 1761 715 1810 scripti
751 1760 912 1796 fuerunt
948 1772 1009 1796 vv.
1043 1759 1256 1804 554—84‚
1297 1758 1510 1804 648—81,
1556 1759 1772 1805 708—'753
1818 1747 1938 1811 dua}

427 1842 512 1879 quae
543 1843 602 1866 vv.
639 1829 764 1867 520-
767 1829 828 1865 -51
864 1830 904 1864 et
935 1828 1157 1864 682—707
1189 1827 1407 1874 continent,
1437 1827 1604 1876 pessime
1639 1825 1782 1864 habitae
1815 1806 1930 1879 eunti
1968 1813 1970 1817 ι

427 1901 565 1935 ceterae
588 1896 670 1934 fere
700 1897 757 1933 ita
787 1899 964 1941 servatae,
1006 1899 1051 1931 ut
1082 1895 1271 1945 pleraque
1302 1894 1378 1944 legi
1410 1895 1575 1943 possint.
1655 1894 1832 1933 Contulit
1861 1890 1940 1934 004

428 1967 556 2003 dice-m
581 1968 672 2015 post
705 1963 963 2002 Ritschelium
1002 1977 1044 2010 et
1067 1962 1377 2001 Studemundum
1410 1964 1525 2000 etiam
1554 1962 1749 2000 Gustavus
1772 1942 1934 2018 Loewel
1968 2007 1971 2013 Ι

426 2047 551 2084 nuper
584 2033 726 2070 infelici
755 2035 883 2070 morte
909 2032 1150 2081 absumptus,
1188 2032 1295 2068 cuius
1331 2031 1538 2068 collatione
1570 2033 1609 2068 in
1642 2030 1810 2068 secunda
1840 2019 1930 2070 edffi
1968 2022 1970 2028 λ

427 2103 533 2139 tione
565 2101 836 2138 Ritscheliana
867 2095 1010 2149 (1883)
1046 2098 1234 2137 Goetzius
1265 2111 1358 2136 usus
1390 2103 1461 2136 est.
1895 2087 1927 2138 (ᾗ
1966 2116 1969 2134 ι

1014 2222 1338 2260 Didascaliam
1903 2230 1924 2257 ι’
1966 2249 1969 2258 Α

433 2307 547 2344 huius
577 2306 718 2344 fabulae
755 2307 928 2344 servavit
956 2304 1260 2350 Ambrosianus,
1300 2302 1404 2340 unde
1436 2304 1553 2340 etiam
1583 2317 1674 2354 pars
1706 2304 1838 2354 aliqua
1865 2270 1930 2366 dii
1965 2348 1970 2363 ·

434 2375 613 2413 dascaliae
652 2375 691 2411 in
731 2373 968 2411 Pseudolum
1009 2374 1121 2409 eruta
1160 2374 1230 2408 est
1305 2369 1462 2409 Primus
1507 2373 1683 2422 repperit
1725 2374 1766 2410 et
1801 2371 1863 2410 edi
1962 2394 1966 2402 ·

434 2443 608 2493 Angelus
639 2442 767 2479 Maius
798 2441 931 2479 Plauti
961 2441 1102 2489 fragm.
1134 2438 1235 2475 ined.
1268 2452 1306 2488 p
1344 2439 1414 2485 52,
1455 2441 1522 2489 qui
1553 2439 1820 2499 Adelphorum
1852 2364 1935 2492 ¹2

436 2513 540 2549 mine
572 2510 712 2548 ductus
743 2510 792 2547 ad
823 2509 999 2546 Terentii
1029 2506 1200 2545 fabulam
1233 2519 1315 2543 eam
1353 2507 1508 2545 rettulit
1538 2511 1578 2545 et
1607 2497 1854 2546 Terentiani:
1889 2504 1895 2510 Δ
1921 2494 1929 2502 ’

435 2579 532 2616 dicis
563 2578 745 2616 Plautino
784 2578 898 2627 plane
940 2579 1113 2627 germani
1145 2578 1278 2615 folium
1311 2591 1351 2615 se
1383 2577 1576 2614 iuvenisse
1608 2577 1822 2614 arbitratus

436 2647 510 2684 Sed
544 2659 662 2696 quum
694 2646 1006 2683 animadversum
1040 2649 1142 2684 esset
1173 2646 1474 2695 magistratuum
1506 2645 1663 2681 nomina
1694 2643 1743 2681 ad
1772 2646 1849 2681 tem

436 2714 560 2752 multo
591 2714 790 2764 antiquius
821 2718 1018 2763 spectare,
1060 2718 1107 2752 ut
1135 2715 1200 2751 vix
1231 2713 1405 2750 dubitari
1436 2715 1588 2762 posset,
1620 2713 1713 2761 quin
1743 2710 1840 2749 Plau
1861 2709 1884 2751 '⁷
1940 2741 1945 2745 .

438 2782 651 2820 didascalia
681 2779 794 2827 esset,
827 2781 1062 2819 Ritschelius
1100 2783 1138 2818 in
1170 2782 1350 2830 Parergis
1380 2794 1418 2830 p.
1452 2781 1526 2818 251
1563 2793 1648 2830 sqq.
1679 2777 1874 2818 emendati

1904 3135 1918 3146 ,ψ
1917 3081 1927 3088 ,
1892 2859 1922 3066 »αὐτ-κν·
