2009 3218
179 261 207 304 1,
235 263 267 302 3,
293 260 428 301 77—11‚
458 262 484 298 l.
511 261 531 294 2
861 261 979 296 Persa.
1615 268 1664 307 17

812 386 1027 428 Tooeilus

1092 459 1144 500 Et
1176 463 1220 500 tu
1253 465 1426 510 gnatam
1460 466 1578 503 tuam

176 532 381 572 Ornatam
415 530 581 572 adduce
613 529 754 582 lepide
787 530 827 571 in
862 531 1134 583 peregrinum
1169 531 1354 573 modum.

810 631 1024 673 Saturio

175 699 318 744 Πόθεν
349 705 633 747 ornamenta?

809 792 1031 833 Toxilus

704 864 791 905 Abs
825 864 1012 917 chorago
1046 866 1218 906 sumito.
1603 879 1666 912 160

178 938 288 979 Dare
321 938 470 983 debet:
505 936 752 990 praebenda
783 936 943 977 aediles
975 937 1240 979 locauerunt.

808 1038 1025 1080 Saturio

177 1112 265 1154 Iam
298 1114 394 1153 faxo
426 1112 493 1153 hic
524 1112 720 1152 aderunt.
782 1110 863 1152 Sed
898 1125 975 1164 ego
1007 1111 1114 1153 nihil
1146 1112 1311 1154 horunc
1341 1114 1441 1154 scio.

809 1214 1029 1256 Zoxilus

174 1285 287 1327 Nihil
321 1286 463 1328 hercle
497 1300 617 1331 uero:
652 1300 748 1327 nam
781 1286 853 1327 ubi
887 1300 965 1340 ego
997 1292 1222 1340 argentum
1256 1301 1478 1341 accepero,

173 1357 386 1399 Continuo
418 1363 464 1399 tu
496 1358 614 1399 illam
648 1372 673 1399 a
704 1358 854 1400 lenone
884 1359 1076 1400 adserito
1109 1373 1247 1400 manu.

810 1461 1027 1503 Saturio

174 1530 262 1572 Sibi
295 1531 468 1584 habeat,
498 1534 532 1574 si
565 1547 648 1574 non
681 1533 896 1587 extemplo
930 1534 984 1575 ab
1018 1548 1068 1575 eo
1100 1533 1336 1575 abduxero.
1601 1544 1664 1578 165

810 1636 1028 1678 Toxilus

172 1706 250 1748 Abi
283 1712 326 1748 et
357 1708 468 1748 istuc
501 1721 618 1748 cura.
683 1707 861 1749 Interibi
894 1722 971 1762 ego
1005 1722 1186 1762 puerum
1220 1708 1320 1750 uolo

171 1779 344 1821 Mittere
377 1780 430 1821 ad
464 1781 646 1821 amicam
682 1794 831 1827 meam,
865 1786 912 1822 ut
944 1780 1105 1822 habeat
1136 1781 1324 1822 animum
1356 1780 1527 1829 bonum,

170 1851 238 1893 Me
270 1866 366 1894 esse
398 1851 649 1894 effecturum
682 1853 754 1894 hoc
785 1853 922 1894 hodie.
985 1852 1121 1894 Nimis
1153 1853 1327 1906 longum
1359 1853 1526 1906 loquor.

662 2212 694 2249 S
700 2213 732 2252 (J
740 2211 824 2252 PH
827 2214 842 2249 (
843 2212 859 2250 )
868 2211 966 2253 (3111
969 2212 1044 2253 DI
1041 2211 1073 2253 S
1081 2212 1098 2250 (
1107 2211 1166 2253 Ἃ.

169 2337 281 2380 Satis
312 2339 393 2380 fuit
423 2340 632 2389 indoctae,
665 2341 902 2391 inmemori,
935 2341 1157 2394 insipienti
1192 2340 1335 2382 dicere
1366 2341 1547 2391 totiens3

167 2409 306 2452 Nimis
333 2412 508 2453 tandem
533 2426 598 2453 me
624 2412 796 2466 quidem
827 2426 901 2465 pro
928 2412 1066 2453 barda
1090 2417 1134 2453 et
1150 2426 1228 2466 pro
1244 2413 1412 2454 rustica
1428 2426 1526 2454 reor
1543 2413 1662 2454 habi-

1118 2489 1218 2525 tam.
1241 2498 1336 2526 esse
1367 2483 1447 2526 abs
1480 2489 1534 2526 te.
1600 2497 1664 2529 170

284 2620 348 2654 158
372 2599 646 2664 tuam-gnatam
676 2624 798 2655 tamen
918 2622 981 2654 159
1013 2619 1229 2663 peregrinus
1255 2619 1288 2654 Β
1407 2621 1471 2654 160
1496 2621 1658 2655 HoGuor-

170 2680 348 2710 namonta
372 2675 419 2718 B,
448 2685 525 2711 Tloe
553 2680 770 2710 ornamenta
798 2676 826 2711 G
937 2675 1078 2719 horago
1104 2676 1140 2710 Β
1263 2677 1325 2711 162
1349 2675 1491 2712 horunc
1519 2677 1609 2712 nihil
1637 2677 1666 2712 Ο

172 2732 235 2766 163
261 2733 428 2777 accipero
456 2733 485 2768 0
601 2735 661 2767 164
688 2733 818 2767 alenon
939 2733 1002 2767 165
1026 2733 1115 2767 haat
1138 2733 1174 2767 Β
1290 2734 1352 2767 166
1384 2745 1508 2768 curam
1533 2734 1661 2768 metibi

172 2789 236 2822 167
260 2795 398 2823 matere
427 2789 456 2825 G
551 2801 690 2825 amcam
718 2801 813 2823 mam
840 2788 874 2824 B
970 2790 1033 2824 168
1057 2789 1128 2824 hoc
1154 2801 1219 2825 om.
1322 2790 1456 2834 loquor
1481 2790 1662 2835 sophocli-

170 2844 274 2880 disca
296 2845 333 2880 B
429 2848 492 2882 169
516 2847 669 2881 indotae
762 2844 905 2880 inflenti
929 2845 966 2880 Β

1354 2919 1375 2952 2
