2009 3218
356 203 435 243 340
1037 201 1170 236 Plauti*
1618 203 1642 245 Ι,
1672 205 1699 247 1,
1728 204 1836 246 1-5—18

926 870 1272 913 DINIARCHUS
1506 921 1510 924 Δ
1764 872 1841 914 DU

355 989 450 1031 Non
483 988 619 1030 omnis
651 992 772 1029 aetas
803 988 858 1029 ad
889 988 1220 1042 perdiscendum
1253 992 1323 1029 sat
1353 992 1421 1029 est

356 1061 541 1111 Amanti,
573 1059 673 1100 dum
705 1060 749 1100 id
780 1061 1014 1113 perdiscat,
1047 1064 1156 1114 quot
1186 1066 1337 1114 pereat
1366 1060 1519 1109 modis,

355 1133 506 1187 Neque
539 1146 630 1173 eam
664 1132 874 1172 rationem
908 1146 1036 1186 eapse
1069 1146 1271 1186 uniquam
1306 1131 1459 1173 educet
1490 1131 1649 1183 Uenus,

357 1204 493 1254 Quam
527 1218 657 1257 penes
689 1209 910 1245 amantum
945 1218 1113 1245 summa
1145 1217 1408 1244 summarum
1440 1203 1565 1255 redit,
1797 1216 1841 1249 25

359 1275 472 1327 Quot
502 1290 652 1317 amans
685 1276 891 1329 exemplis
924 1276 1181 1323 ludificetur,
1214 1281 1320 1328 quot
1351 1275 1488 1316 modis

357 1349 514 1390 Pereat
545 1350 737 1402 quotque
770 1352 971 1389 exoretur
1002 1347 1257 1388 exorabulis.

358 1420 472 1470 Quot
502 1419 591 1460 illic
622 1418 873 1463 blanditiae,
906 1424 1013 1472 quot
1043 1419 1131 1459 illie
1166 1418 1416 1460 iracundiae

360 1491 480 1543 Sunt,
511 1494 617 1545 quot
646 1489 860 1532 subeunda
890 1492 1078 1543 emperia.
1143 1491 1193 1530 Di
1226 1495 1417 1532 nostram
1449 1490 1590 1541 fidem,
1622 1490 1710 1540 hui,

358 1563 468 1614 Quid
502 1562 807 1616 perferundum
840 1568 903 1603 est
934 1564 1062 1604 etiam
1098 1568 1269 1616 praeter
1300 1562 1498 1604 munera!
1801 1574 1844 1607 30

358 1635 547 1676 Primum
579 1635 680 1676 dum
712 1649 875 1676 merces
908 1649 1073 1685 annua3
1105 1636 1142 1676 is
1174 1635 1336 1688 primus
1369 1634 1531 1676 bolust.

359 1706 423 1749 Ob
455 1720 549 1747 eam
580 1710 670 1747 tres
702 1710 850 1748 noctes
884 1707 1052 1748 dantur.
1113 1706 1286 1748 Interea
1316 1706 1399 1747 loci

358 1779 609 1820 Auctarium
642 1782 738 1819 orat
768 1779 916 1819 uinum
949 1784 1025 1819 aut
1057 1778 1195 1820 oleum
1230 1783 1305 1819 aut
1335 1778 1546 1829 triticum;

358 1850 572 1904 Temptat,
603 1849 872 1903 benignusne
904 1865 958 1891 an
991 1850 1130 1892 bonae
1160 1850 1272 1903 frugi
1305 1850 1402 1892 sies.

359 1922 490 1972 Quasi
521 1923 564 1963 in
598 1922 806 1975 piscinam
840 1927 931 1963 rete
963 1923 1037 1976 qui
1069 1922 1258 1963 iaculum
1291 1926 1418 1976 parat
1449 1944 1502 1950 —
1801 1931 1844 1966 35

359 1994 543 2044 Quando
576 1994 685 2034 abiit
716 1998 807 2035 rete
840 2009 1022 2047 pessum,
1055 1994 1230 2036 adducit
1261 1994 1440 2043 lineam3

359 2065 401 2106 Si
433 2066 578 2106 inierit
607 2070 698 2106 rete
733 2066 870 2118 piscis,
908 2081 960 2106 ne
992 2066 1171 2119 effugiat
1202 2071 1349 2117 cauet3

361 2137 471 2178 Dum
502 2136 586 2177 huc
619 2137 717 2177 dum
750 2137 851 2179 illuc
882 2144 973 2179 rete
1005 2139 1148 2188 uertit,
1179 2139 1346 2191 inpedit

360 2209 494 2250 Piscis
526 2223 662 2262 usque
695 2209 802 2250 adeo
835 2210 1034 2251 donicum
1069 2211 1218 2251 eduxit
1248 2210 1364 2251 foras
1395 2233 1448 2238 --

475 2367 759 2402 DIMARCIIUS
785 2367 832 2410 Β,
861 2367 1143 2403 DINARCHUS
1172 2368 1200 2403 G
1290 2370 1333 2402 23
1358 2368 1582 2402 Naantidum
1677 2367 1722 2401 ad
1747 2366 1846 2411 quod

362 2428 487 2468 pereat
513 2429 633 2458 motus
705 2427 748 2458 24
773 2437 814 2458 ea
840 2425 982 2459 ratione
1008 2437 1064 2459 me
1091 2426 1176 2461 absc
1203 2426 1322 2469 (absq'
1349 2437 1387 2459 se
1414 2425 1455 2467 G)
1526 2426 1569 2459 25
1593 2424 1696 2468 penis
1721 2423 1757 2458 B

362 2488 429 2515 suu
453 2493 590 2515 masum
619 2492 757 2514 marum
786 2481 821 2515 Β
913 2483 955 2515 26
982 2482 1087 2525 Quod
1112 2482 1148 2516 B
1235 2483 1333 2526 quod
1358 2482 1394 2516 Β
1483 2484 1526 2516 27
1552 2493 1696 2526 quoque
1722 2480 1758 2515 B

362 2537 526 2571 exoritur
619 2539 662 2571 23
687 2537 790 2580 Quod
817 2537 852 2571 Β
945 2539 1130 2573 blanditer
1223 2539 1321 2583 quod
1347 2539 1382 2572 B
1473 2540 1516 2573 29
1541 2538 1640 2583 quod
1665 2537 1700 2572 B
1792 2537 1846 2571 sui

361 2594 623 2638 perclamanda
695 2597 738 2628 30
763 2596 1020 2638 perierandum
1091 2598 1131 2629 31
1161 2597 1271 2630 miros
1289 2607 1409 2629 annua
1425 2597 1452 2629 is
1468 2596 1509 2630 Β.
1536 2596 1653 2629 miror
1668 2605 1806 2629 annuus
1822 2591 1852 2628 G'

452 2652 591 2694 primos
617 2650 652 2684 B
735 2652 881 2685 ebolust
963 2654 1005 2686 32
1032 2654 1143 2686 (lutor
1167 2652 1213 2695 B,
1239 2652 1356 2687 Tutor
1382 2652 1410 2687 G
1484 2655 1526 2687 33
1551 2653 1627 2685 Aut
1651 2663 1713 2685 ara
1738 2654 1778 2685 nt
1800 2648 1846 2693 Β,

363 2715 425 2741 aut
449 2718 512 2740 ara
533 2711 595 2740 aut
615 2707 643 2741 G
711 2710 752 2741 34
779 2709 885 2741 ambo
913 2721 957 2742 ne
976 2709 1011 2742 B
1081 2711 1124 2744 36
1150 2721 1295 2753 pereum
1312 2708 1339 2743 C
1406 2707 1493 2743 finfa
1520 2709 1562 2750 B,
1587 2708 1683 2742 infra
1709 2707 1737 2742 O
1804 2707 1847 2742 87

364 2764 515 2798 Sinivcit
541 2763 586 2806 Β,
614 2763 752 2797 sinictit
780 2765 808 2798 C
896 2767 939 2799 3&
966 2778 1006 2798 οι·
1100 2767 1142 2799 39
1169 2766 1286 2800 Discis
1311 2765 1346 2799 Β
1441 2766 1542 2799 doliu
1567 2765 1666 2799 foras
1693 2764 1820 2799 eduxit
