2009 3218
807 215 847 250 V.
874 216 1060 250 312—352.
1598 219 1672 258 631

197 340 384 381 moram“.
467 343 586 390 Quem
625 345 746 380 secuti
787 357 855 380 nos
898 347 1059 394 propius
1098 359 1118 382 a
1157 344 1290 382 codd.:
1340 340 1433 393 Ipse
1467 341 1538 382 tibi
1567 340 1682 382 mille

187 420 366 459 passum
392 407 593 459 peperiste
626 420 776 458 morae,
810 411 855 447 cf.
891 412 982 449 835.
1017 412 1065 449 ad
1097 412 1216 450 Mero.
1253 414 1343 450 695.

311 479 403 516 332.
434 477 669 529 Astaphium
702 478 818 525 abiit3
849 478 1082 517 Diniarchus
1114 483 1238 517 restat
1270 482 1386 518 solus.
1453 479 1552 527 „Sed
1585 479 1679 530 quid

195 546 257 584 hic
288 544 406 584 haec“
448 543 534 584 vult
573 546 748 584 Mueller.
783 546 944 584 Prosod.
977 561 1014 597 p.
1050 548 1141 585 392.
1175 567 1229 572 —
1270 543 1356 586 Sed
1385 548 1532 593 autem,
1565 561 1599 586 v.
1633 548 1682 585 ad

196 614 296 652 Rud.
331 615 423 652 461.
457 634 511 639 —
543 615 636 652 333.
672 611 925 662 praestolata
957 614 1015 652 est
1045 615 1104 652 ed.
1137 628 1208 665 pr„
1249 616 1295 653 cf.
1328 615 1415 653 Ter.
1448 615 1546 653 Eun.
1581 617 1680 654 975:

161 713 164 716 .
199 682 350 735 „Quem
376 683 630 732 praestolare,
661 682 865 729 Parmeno,
898 682 959 720 hic
990 686 1080 720 ante
1112 681 1295 729 ostium“‚
1330 683 1378 720 ad
1411 696 1524 732 quem
1556 683 1681 721 locum

195 749 373 788 Donatus
404 751 568 788 miratur
599 751 860 788 accusativum
892 752 996 801 poni,
1028 763 1105 788 non
1138 750 1312 789 dativum
1338 755 1383 788 ut
1407 750 1484 788 Cic.
1511 749 1625 788 Catil.
1652 750 1681 797 Ι,

197 820 240 865 9,
278 819 341 856 24.
416 818 544 856 Etiam
583 818 677 856 Caes.
716 818 758 856 B.
800 817 880 856 Civ.
913 817 970 865 II,
1014 819 1085 856 23:
1137 819 1276 866 „huius
1320 818 1530 856 aduentum
1569 831 1683 869 prae-

196 883 387 924 stolans“.
420 905 475 911 -
508 887 600 924 334.
632 882 760 924 Illum
789 883 964 934 student,
1007 899 1042 924 v.
1075 887 1124 924 ad
1155 886 1238 924 Mil.
1276 887 1393 924 1429.
1427 906 1481 911 —
1511 883 1685 924 volturii

198 952 337 993 triduo
368 955 427 992 ed.
460 967 518 1004 pr.
580 953 678 991 Plin.
712 955 758 992 H.
792 954 839 992 N.
871 954 924 1001 X,
971 956 1040 992 19:
1090 954 1334 1001 „Umbricius
1367 954 1614 1004 haruspicum
1645 957 1684 992 in

195 1026 330 1060 nostro
368 1035 463 1059 aevo
501 1023 763 1072 peritissimus
804 1019 1019 1071 (vultures)
1057 1022 1180 1060 tradit
1213 1022 1346 1060 triduo
1378 1025 1467 1059 ante
1499 1022 1684 1059 advolare

196 1091 262 1129 ubi
294 1090 485 1129 cadavera
515 1090 648 1127 futura
679 1087 797 1127 sint“.
831 1091 877 1129 cf.
904 1091 1019 1140 Apul.
1045 1090 1159 1140 Apol.
1189 1091 1258 1128 57:
1296 1091 1440 1137 „vincit
1471 1091 1684 1139 sagacitate

197 1159 385 1197 adorandi
416 1171 532 1195 canes
564 1162 603 1195 et
629 1156 863 1196 vulturios“.
893 1179 940 1183 —
970 1160 1061 1198 335.
1095 1156 1144 1197 (Ie
1168 1155 1287 1207 quoio
1312 1171 1383 1196 em.
1404 1157 1542 1207 Bergk.
1563 1157 1683 1194 Beitr.

195 1240 234 1277 p.
252 1227 316 1273 60,
349 1225 396 1263 cf.
415 1225 531 1264 Poen.
555 1227 652 1265 534:
690 1226 762 1274 „de
793 1227 910 1276 quoio
943 1224 1111 1264 ederis“.
1173 1223 1289 1264 esuri
1321 1225 1380 1263 ed.
1411 1239 1469 1276 pr.
1507 1246 1553 1250 —
1591 1227 1684 1264 336.

195 1288 326 1332 Illum
355 1290 520 1332 inhiant
550 1293 609 1332 ed.
628 1307 686 1343 pr.
718 1314 766 1319 -
792 1290 870 1342 illi,
903 1296 928 1332 i.
947 1308 979 1332 e.
997 1295 1066 1332 illo
1096 1294 1192 1341 1000,
1226 1295 1271 1332 cf.
1292 1293 1431 1331 Pseud.
1463 1295 1536 1332 34:
1576 1295 1686 1341 „istic

196 1376 304 1400 meus
337 1363 488 1399 animus
519 1376 621 1400 nunc
652 1367 723 1408 est,
756 1375 834 1400 non
864 1363 904 1399 in
935 1361 1135 1412 pectore“.
1169 1382 1223 1387 —-
1263 1363 1354 1400 337.
1395 1358 1527 1400 nihilo
1558 1362 1684 1410 Bugg.

195 1432 294 1468 Ann.
335 1430 430 1481 phil.
463 1429 567 1467 CVII
598 1445 635 1481 p.
670 1431 762 1468 409.
837 1427 1046 1479 respiciet,
1093 1430 1372 1476 Phronesium3
1424 1427 1680 1481 „respicient“

196 1499 321 1536 voluit
350 1499 409 1536 Fl.
442 1518 498 1524 —
539 1496 646 1545 „est“
681 1511 756 1535 om.
788 1498 847 1535 ed.
880 1511 961 1548 pr.;
1003 1498 1107 1536 Cam.
1144 1496 1285 1545 ‚,iste“.
1327 1518 1382 1523 --
1423 1499 1515 1537 338.
1555 1493 1686 1546 Quam

196 1564 236 1605 Si
265 1566 602 1617 pronuntiandum
638 1564 814 1615 ‚‚quasi“‚
853 1580 890 1603 v.
923 1567 971 1604 ad
1004 1567 1110 1604 Trin.
1145 1568 1238 1604 267.
1310 1563 1456 1604 abhinc
1493 1566 1684 1604 Fleckeis.

197 1636 297 1672 Anu.
331 1634 379 1672 CI
409 1649 447 1685 p.
483 1636 581 1681 617,
615 1635 662 1672 cf.
681 1635 818 1672 Bacch.
840 1637 930 1673 385.
972 1634 1056 1673 Cas.
1078 1637 1140 1673 39.
1180 1635 1298 1672 Most.
1318 1636 1410 1672 484.
1452 1633 1571 1672 Stich.
1594 1635 1683 1673 140.

197 1723 251 1728 -
284 1704 378 1741 339.
427 1699 480 1742 Ut
506 1697 593 1740 rem
623 1712 790 1741 seruare
820 1702 994 1741 Studem.
1069 1713 1200 1742 suane
1231 1703 1291 1741 est
1321 1702 1471 1740 Camer.
1509 1722 1555 1727 —
1592 1703 1684 1740 340.

195 1768 351 1820 plector
389 1771 448 1808 ed.
487 1783 567 1820 p1·.‚
614 1771 660 1808 cf.
700 1770 824 1820 Gepp.
857 1770 967 1820 Stud.
1000 1772 1017 1808 I
1054 1784 1092 1820 p.
1129 1772 1219 1809 108.
1272 1771 1359 1808 Ter.
1393 1770 1549 1827 Phorns.
1585 1771 1683 1808 220:

202 1839 311 1887 „Ego
341 1839 493 1889 plectar
522 1837 739 1887 pendens“.
772 1840 819 1877 al.
857 1859 904 1864 —
938 1839 1213 1888 antepartmn.
1246 1839 1292 1876 cf.
1313 1840 1377 1878 63.
1408 1858 1464 1863 --
1497 1839 1587 1877 341.
1620 1835 1685 1876 ob-

202 1903 343 1956 Ciflerit
359 1906 419 1944 ed.
437 1920 497 1957 pr.
515 1927 569 1932 -
589 1908 680 1944 345.
724 1903 778 1946 Ut
797 1904 924 1954 nulla,
954 1908 1053 1957 παρὰ
1077 1908 1309 1957 προσδοκίαν,
1341 1920 1378 1945 V.
1397 1906 1446 1943 ad
1462 1908 1570 1944 Asin.
1591 1907 1684 1944 877.

198 1975 277 2013 Sed
309 1975 371 2012 hic
401 1975 655 2022 Diniarchus,
697 1977 807 2024 quasi
838 1988 913 2012 non
954 1975 1025 2013 hac
1057 1975 1229 2013 clausula
1260 1979 1344 2012 tota
1375 1976 1567 2012 sententia
1598 1987 1684 2024 per-

197 2045 310 2090 isset,
355 2026 485 2080 talnen
529 2044 659 2093 pergit
697 2047 740 2080 ut
778 2044 996 2092 inceperat,
1043 2057 1083 2080 se
1122 2056 1186 2080 eos
1225 2045 1292 2093 qui
1329 2056 1431 2080 nunc
1470 2044 1686 2092 nequitiam

196 2125 305 2149 suam
337 2111 497 2161 culpent
528 2112 804 2158 refutaturum,
839 2111 945 2160 quod
976 2124 1067 2148 vere
1100 2112 1288 2148 comicum
1320 2114 1390 2158 est,
1424 2123 1493 2148 nec
1524 2110 1685 2160 probari

197 2183 331 2229 potest
361 2178 533 2217 Goelleri
564 2180 760 2217 sententia
789 2193 823 2217 v.
859 2180 937 2217 346
971 2183 1057 2217 ante
1091 2180 1168 2218 344
1200 2179 1392 2229 ponentis.
1437 2197 1485 2204 --
1527 2176 1606 2226 cis,
1649 2193 1684 2216 v.

199 2247 247 2284 ad
279 2246 397 2284 Most.
434 2248 495 2284 17.
537 2267 590 2272 —
630 2248 722 2285 346.
762 2243 1067 2295 cowfutauerim
1097 2247 1202 2285 Cam.
1245 2267 1291 2272 —
1334 2247 1426 2284 347.
1467 2247 1685 2285 aestuosas

198 2311 331 2353 sentio
353 2314 482 2361 Both„
514 2314 560 2352 cf.
586 2314 724 2353 Bacch.
752 2315 851 2353 468:
890 2328 1015 2365 „quae
1046 2327 1246 2352 acerrume
1278 2318 1459 2353 aestuosa
1489 2314 1684 2361 obsorbet,

198 2381 267 2419 ubi
297 2395 493 2431 quemque
524 2381 698 2432 attigit“.
745 2403 798 2408 —-
845 2383 936 2420 348.
969 2380 1082 2421 intra
1113 2383 1173 2420 ed.
1206 2383 1265 2432 pr.
1324 2378 1536 2431 pessulos.
1569 2396 1603 2419 v.
1638 2383 1686 2420 ad

199 2449 288 2486 Aul.
325 2451 415 2487 104.

315 2518 407 2556 350.
439 2514 634 2567 uoluptas
652 2520 696 2556 A.
725 2538 773 2543 —
808 2513 900 2557 Uer.
939 2518 1058 2566 „Cum
1090 2531 1180 2556 vere
1210 2523 1464 2568 comparatur
1494 2519 1616 2556 amica
1641 2522 1687 2555 ut

203 2598 353 2632 „meum
385 2585 609 2624 verculum“
652 2588 691 2623 in
731 2585 933 2624 blanditiis
974 2590 1035 2622 est·
1066 2585 1149 2624 Cas.
1185 2587 1276 2624 779.
1338 2585 1432 2624 Cum
1464 2599 1554 2623 vere
1586 2598 1685 2623 com-

123 2649 126 2651 *
198 2657 313 2703 parat
342 2653 478 2692 Horat.
512 2654 638 2692 Carm.
671 2654 735 2700 IV,
770 2656 804 2699 5,
839 2655 861 2691 6
894 2654 1043 2691 vultum
1075 2650 1279 2691 Caesaris“.
1313 2653 1378 2703 Sp.
1420 2673 1472 2678 —
1512 2655 1604 2692 351.
1643 2653 1689 2691 ut

199 2717 278 2758 olet
307 2722 353 2758 A.
413 2717 547 2760 nitide
577 2719 688 2760 nitet.
725 2722 790 2771 Sp.
824 2725 1027 2772 comparat
1056 2721 1197 2759 Pseud.
1234 2722 1360 2760 130οε
1399 2721 1575 2768 „madide
1606 2734 1684 2758 ma-

201 2785 355 2826 deam“.
386 2789 474 2827 Aul.
495 2791 587 2828 306.
607 2809 660 2814 -
687 2790 779 2827 352.
804 2784 1005 2837 inficetas,
1039 2788 1086 2826 cf.
1104 2788 1231 2827 Catul.
1253 2790 1315 2837 22,
1350 2789 1417 2826 14:
1455 2788 1686 2836 „infacetior
