2009 3218
390 231 469 273 100
1067 224 1188 261 Plauti
1590 225 1617 269 1,
1643 226 1674 270 4,
1701 228 1823 271 32—5,
1849 227 1868 261 5

978 353 1280 405 Ampelisca

388 428 481 469 Hoc
511 426 625 480 quod
657 428 735 478 est,
767 425 809 466 id
841 425 1128 466 necessarium
1163 431 1227 466 est
1259 424 1439 478 perpeti.

391 499 475 541 Sed
508 497 612 552 quid
642 497 724 538 hoc
756 496 936 539 obsecro
968 497 1058 538 est?

993 586 1269 628 Palaestra

974 657 1115 708 Quid?

980 759 1280 811 Ampelisca

1070 830 1211 873 Uiden
1242 831 1390 873 fanum
1422 830 1577 872 amabo
1606 829 1718 872 hoc‘?

989 933 1269 975 Palaestra

1663 988 1749 1030 Ubi
1780 989 1872 1030 est?

981 1077 1283 1128 Ampelisca

394 1135 458 1177 Ad
490 1134 723 1177 dexteram.

991 1220 1272 1262 Palaestra

794 1291 932 1334 Uideo
964 1292 1164 1333 decorum
1198 1292 1264 1333 dis
1294 1292 1436 1334 locum
1466 1291 1667 1333 uiderier.

985 1387 1281 1438 Ampelisea

393 1459 519 1501 Haud
549 1459 673 1512 longe
705 1459 858 1501 abesse
889 1463 1061 1513 oportet
1092 1459 1286 1500 homines
1318 1458 1437 1510 hino3
1482 1458 1546 1498 ita
1584 1457 1654 1499 hic
1684 1457 1876 1511 lepidust

1342 1530 1474 1572 locus.

393 1603 521 1644 Nunc
552 1602 744 1656 quisquis
775 1606 839 1645 est
870 1602 995 1654 deus,
1034 1616 1217 1644 ueneror
1254 1606 1303 1644 ut
1338 1616 1417 1644 nos
1458 1615 1509 1642 ex
1546 1600 1627 1643 hac
1669 1614 1876 1643 aerumna

1338 1674 1509 1723 eximat,
1810 1683 1875 1716 255

392 1746 587 1798 Miseras,
619 1747 782 1800 inopes,
814 1761 1090 1789 aerumnosas
1121 1751 1168 1788 ut
1200 1746 1344 1801 aliquo
1376 1746 1536 1787 auxilio
1569 1744 1757 1786 adiuuet.

533 1962 869 2004 SACERDOS.
933 1962 1306 2005 PALAESTRA.
1367 1959 1739 2002 AMPELISGA.

1007 2077 1268 2118 Sacerdos

398 2145 477 2196 Qui
510 2151 620 2197 sunt,
654 2149 725 2200 qui
757 2163 783 2189 a
814 2153 998 2202 patrona
1031 2162 1180 2203 preces
1212 2161 1307 2189 mea
1339 2147 1645 2200 expetessunt‘?

395 2218 505 2259 Nam
536 2233 621 2261 uox
651 2233 718 2260 me
751 2225 1007 2273 precantum
1038 2219 1120 2261 huc
1149 2218 1268 2260 foras
1300 2219 1520 2260 excitauit.

396 2291 561 2332 Bonam
592 2296 724 2345 atque
756 2291 1060 2346 obsequentem
1093 2292 1217 2333 deam
1249 2295 1380 2344 atque
1412 2290 1527 2331 haud
1559 2293 1784 2343 granatam

398 2362 630 2404 patronam
662 2369 953 2417 exsequontur
983 2365 1299 2417 benignamque
1330 2362 1524 2403 multum.
1812 2372 1879 2406 260

995 2459 1273 2500 Palaestra

396 2527 598 2569 Iubemus
628 2532 670 2569 te
701 2529 882 2581 saluere,
912 2538 1063 2572 mater.

509 2687 574 2721 252
599 2687 751 2720 obsecro
778 2699 815 2721 es
840 2687 884 2728 B,
911 2689 1061 2723 obsecra
1088 2700 1125 2722 es
1153 2688 1182 2722 G
1267 2687 1374 2721 uiden
1403 2685 1532 2720 amabo
1558 2685 1699 2720 Fanum
1725 2684 1878 2720 uidesne

396 2742 495 2795 noc?
611 2745 782 2778 255-ante
807 2747 862 2777 est
886 2744 1017 2778 lacuna
1143 2746 1208 2778 256
1233 2745 1352 2787 inopis
1473 2743 1622 2776 adiuuat
1648 2742 1677 2776 G
1813 2743 1878 2775 253

397 2804 571 2846 pcantum
598 2811 654 2833 me
682 2800 711 2834 Ο
