2009 3218
144 204 188 248 Π,
212 207 243 248 4,
273 207 397 242 19—31
763 207 1008 242 ‘Fr-inuniunt&
1544 213 1624 251 279

718 333 1046 376 Lesbonicus

1175 390 1426 433 Admodum.

794 468 906 509 Phil
924 475 975 508 to

143 540 218 583 Pol
250 541 378 595 opino
409 539 563 581 adfinis
595 545 741 582 noster
771 540 891 582 aedis
923 540 1132 582 uendidit.

143 612 268 655 Pater
297 626 427 666 quom
459 626 636 666 peregre
668 612 825 656 ueniet.
858 613 898 654 in
933 617 1059 666 porta
1091 617 1154 654 est
1186 612 1316 662 locus,

143 684 231 727 Nisi
263 685 372 727 forte
404 685 444 725 in
478 689 671 726 uentrem
705 683 794 726 filio
825 685 1104 738 conrepserit.
1557 698 1624 731 425

751 778 1011 820 Stasimus

139 851 391 906 Trapezitae
424 850 538 892 mille
571 850 905 893 drachumarum
938 851 1173 906 Olympico,

142 923 256 974 Quas
287 922 339 964 de
371 924 539 965 ratione
572 922 825 973 dehibuisti,
857 923 1068 965 redditae.

714 1017 1045 1059 Lesbonicus

141 1090 303 1145 Nempe
334 1104 441 1144 quas
473 1089 716 1145 spopondi?

743 1180 1008 1222 Stasimus

776 1252 910 1294 Immo
944 1256 1066 1307 ‘quas
1099 1253 1298 1307 dependi'
1330 1254 1510 1308 inquito,

141 1321 250 1378 Quia
279 1325 555 1381 sponsionem
588 1329 764 1378 propter
795 1330 888 1366 tute
921 1329 1096 1367 exactus
1129 1339 1172 1366 es

140 1397 221 1440 Pro
251 1397 326 1440 illo
358 1396 649 1447 adulescente,
682 1411 808 1451 quem
842 1402 889 1438 tu
922 1411 1016 1439 esse
1050 1397 1172 1439 aibas
1205 1397 1397 1439 diuitem.
1557 1409 1624 1442 430

709 1488 741 1529 L
754 1502 776 1529 e
788 1502 806 1529 s
818 1488 844 1530 b
857 1503 880 1529 ο
892 1503 918 1529 n
929 1489 940 1529 i
953 1501 975 1529 c
986 1503 1013 1529 u
1025 1503 1044 1530 s
1470 1481 1472 1483 ’

138 1545 329 1589 Factum.

741 1616 776 1658 S
785 1620 801 1658 t
810 1630 833 1658 α
843 1630 864 1658 s
876 1617 893 1658 z·
904 1630 944 1658 m
953 1631 979 1658 u
991 1631 1012 1658 s

379 1687 437 1731 Ut
468 1688 642 1743 quidem
674 1688 781 1730 illud
813 1689 1003 1742 perierit.

706 1780 1043 1821 Lesbonicus

1040 1851 1222 1894 Factum
1253 1852 1297 1893 id
1330 1866 1504 1906 quoque
1536 1858 1619 1905 est3

138 1923 244 1965 Nam
277 1937 389 1965 nunc
421 1938 518 1964 eum
550 1923 639 1964 uidi
671 1924 871 1964 miserum
905 1929 948 1965 et
979 1938 1045 1965 me
1078 1924 1169 1965 eius
1200 1925 1439 1966 miseritum
1473 1929 1550 1967 est.

746 2008 1004 2048 Stasimus

135 2077 310 2120 Miseret
340 2082 382 2120 te
415 2079 611 2129 aliorum,
644 2079 706 2120 tui
740 2093 817 2120 noc
850 2079 1026 2121 miseret
1056 2093 1133 2120 nec
1167 2079 1310 2133 pudet.

785 2165 815 2206 P
826 2165 853 2206 h
865 2167 876 2206 i
889 2165 930 2206 lt
943 2180 966 2206 0

136 2219 340 2276 Tempust
370 2222 571 2265 adeundi.

244 2381 312 2415 423
337 2381 470 2426 opinor
614 2381 679 2414 424
705 2382 812 2424 porta
838 2379 868 2413 si
893 2378 963 2414 BG
1102 2381 1168 2414 425
1193 2380 1397 2415 inuenirem
1422 2380 1492 2416 BG

135 2434 248 2471 filium
273 2447 354 2471 oum
379 2436 538 2482 repserit
564 2435 592 2472 0
704 2438 771 2471 426
795 2436 1013 2480 Trapaezite
1038 2436 1081 2478 A,
1114 2436 1314 2482 Trapezete
1341 2437 1370 2472 Ο
1483 2437 1614 2473 drach·

135 2503 275 2528 marum
299 2494 344 2537 A,
368 2493 615 2528 draheumaru
641 2493 670 2528 G
760 2493 982 2537 olympicum
1075 2494 1141 2527 427
1167 2494 1326 2528 debuisti
1353 2493 1382 2529 G
1472 2494 1615 2528 reddite

135 2550 200 2584 428
217 2552 387 2595 proximo
407 2551 595 2595 postponit
618 2551 652 2584 A
729 2550 983 2594 quaspopoudi
1063 2549 1242 2594 dependit
1264 2549 1333 2585 BC
1412 2551 1539 2595 inquid
1567 2550 1612 2586 B.

99 2603 102 2606 ⁴
134 2605 294 2650 inquitC
359 2608 426 2641 429
450 2606 528 2650 Qua
552 2607 749 2651 sponsione
776 2617 960 2650 pronuper
1031 2605 1152 2640 tu-BC
1218 2608 1284 2642 430
1310 2618 1388 2642 esse
1416 2608 1552 2642 aiiebas
1570 2608 1613 2650 A,

137 2661 257 2698 aiebas
283 2674 363 2698 esse
387 2663 456 2699 BC
543 2665 605 2697 431
635 2663 700 2697 ST.
726 2673 790 2697 om.
883 2663 1033 2706 perierit
1056 2662 1088 2696 K
1112 2662 1148 2697 B
1246 2665 1314 2698 432
1338 2663 1524 2698 miserium

135 2717 257 2753 miseri
282 2720 363 2754 unni
466 2721 531 2754 433
557 2720 615 2753 cui
643 2724 678 2752 te
704 2730 770 2753 nec
794 2718 861 2753 BC
945 2721 1011 2753 434
1035 2718 1193 2763 Tempus
1220 2724 1277 2756 est
1301 2720 1344 2764 A,
1371 2720 1545 2765 Tempusi
1570 2720 1613 2763 B,

135 2772 293 2820 Tempus
319 2775 348 2811 G
