2009 3218
357 211 439 249 402
598 187 603 192 ’
1041 206 1160 241 Plauti
1420 179 1426 184 ⁴
1562 207 1626 249 lv,
1651 209 1682 251 4,
1707 193 1861 248 29—3e.
1885 222 1892 226 -

933 332 1052 373 Diui
1064 345 1090 374 a
1099 347 1120 373 r
1131 346 1153 374 c
1164 332 1190 373 h
1201 347 1229 373 u
1241 345 1261 373 s

358 403 408 444 Id
439 417 611 458 quoque
642 403 816 444 interim
847 402 1018 444 futatim
1052 417 1204 445 nomen
1236 403 1658 445 commemorabitur.

359 475 471 516 Num
503 474 607 528 quid
638 474 735 534 uis?

920 558 1275 600 Phronesium

671 629 759 670 Fac
790 630 949 671 ualeas.

934 719 1268 777 Diniarcbus

940 791 1109 845 Operae
1140 792 1213 833 ubi
1246 792 1349 833 mihi
1382 793 1478 845 erit,
1511 791 1567 832 ad
1597 797 1640 834 te
1671 806 1842 834 uenero.

922 887 954 928 P
964 887 992 927 h
1002 901 1023 927 r
1035 900 1059 927 o
1071 901 1096 927 n
1110 900 1132 928 e
1144 888 1225 927 siu
1237 900 1279 927 m

359 959 436 1000 Ille
468 959 642 1012 quidem
673 959 772 999 hinc
803 959 922 1010 abiit,
955 958 1178 999 abscessit.
1241 958 1392 999 Dicere
1425 957 1505 999 hic·
1526 957 1700 1011 quiduis
1730 958 1846 1018 licet7

361 1031 521 1072 Uerum
552 1036 618 1073 est
657 1030 854 1081 uerbum,
892 1029 1008 1084 quod
1048 1042 1330 1071 memoratur:
1377 1029 1453 1070 ubi
1491 1029 1639 1080 amici,
1684 1019 1846 1072 ibidem
1897 1066 1914 1081 ,,
1938 1022 1977 1078 ⁵]

1305 1104 1403 1142 sunt
1432 1115 1550 1155 opes.
1777 1113 1844 1148 875
1878 1099 1891 1163 ζ
1923 1127 1928 1139 =
1975 1084 1981 1150 ¹.

361 1174 545 1228 Propter
575 1174 687 1215 hunc
718 1187 814 1228 spes
846 1176 1022 1215 etiamst
1050 1172 1179 1214 hodie
1203 1172 1334 1225 probe
1363 1176 1530 1214 tactum
1559 1173 1617 1214 iri
1649 1174 1844 1225 militem,
1899 1215 1901 1217 ,

1978 1223 1982 1237 .

361 1246 496 1296 Quem
527 1260 606 1300 ego
638 1252 810 1287 ecastor
841 1259 964 1299 mage
990 1259 1085 1286 amo
1111 1258 1240 1298 quam
1268 1259 1346 1296 me,
1377 1244 1478 1286 dum
1502 1244 1547 1286 id
1574 1245 1689 1298 quod
1719 1246 1844 1300 cupio
1896 1278 1898 1283 .
1978 1245 1984 1307 ⁴1

1306 1316 1406 1358 inde
1437 1316 1599 1357 aufero.
1622 1312 1624 1315 ’

361 1388 536 1442 Quippe,
571 1403 698 1443 quom
731 1391 915 1433 multum
947 1389 1219 1439 abstulimus,
1251 1388 1364 1430 haud
1390 1389 1439 1429 id
1461 1387 1641 1430 multum
1665 1392 1846 1443 apparet

1308 1461 1424 1515 quod
1456 1459 1605 1502 datum
1638 1465 1725 1512 est;

362 1533 431 1575 Ita
463 1538 564 1575 sunt
593 1533 756 1587 gloriae
791 1533 1075 1575 meretricum.

947 1628 1266 1682 Astaphium

1110 1699 1218 1750 Aha,
1249 1703 1359 1741 tace.

925 1795 957 1836 P
968 1795 995 1836 h
1005 1809 1026 1836 1·
1038 1809 1062 1836 o
1075 1809 1100 1835 n
1113 1809 1133 1835 e
1146 1796 1225 1835 siu
1239 1809 1278 1835 m
1916 1838 1918 1844 Ι

1316 1852 1322 1859 ’
1405 1864 1524 1918 Quid,
1548 1870 1616 1908 est
1645 1865 1847 1909 obsecro?
1887 1900 1898 1908 ,-

944 1939 979 1979 A
991 1953 1010 1980 s
1020 1942 1038 1979 t
1048 1951 1074 1979 a
1084 1953 1110 1992 p
1122 1938 1149 1979 h
1161 1939 1174 1979 i
1186 1953 1211 1979 u
1227 1952 1265 1979 m

366 2011 494 2053 Pater
522 2011 647 2052 adest
678 2005 813 2064 pueri.
875 2010 978 2052 Sino
1009 2024 1188 2064 eumpse
1219 2010 1340 2051 adire
1370 2009 1455 2051 huc
1466 2009 1486 2050 ἱ)

934 2112 1282 2154 Phronesium
1831 2168 1834 2173 ,

1226 2183 1338 2234 Sine,
1372 2185 1410 2225 si
1439 2184 1476 2225 is
1508 2187 1584 2234 est,
1614 2183 1754 2226 modo.
1780 2193 1848 2229 880
1883 2196 1905 2236 ·,

949 2279 1267 2334 Astaphium
1829 2312 1835 2348 ἰ

367 2351 492 2404 Ipsus
522 2356 596 2393 est.

480 2511 548 2543 872
571 2510 917 2545 commemorauiter
940 2509 995 2552 Β,
1028 2509 1376 2544 commemorabiter
1403 2507 1438 2550 G,
1603 2507 1671 2542 873
1693 2506 1858 2547 famulum⁴

369 2579 481 2612 opere
585 2568 651 2600 874
677 2567 828 2601 suscessit
851 2566 900 2608 B,
927 2567 1082 2601 accessit
1108 2566 1137 2601 G
1238 2567 1320 2610 quis
1346 2565 1522 2600 uidelicet
1579 2597 1582 2599 ,
1622 2565 1689 2600 875
1711 2562 1882 2607 ibidem-,1
1904 2600 1905 2603 ,
1964 2596 1969 2610 ,

369 2624 536 2668 (ibildem
562 2623 611 2666 B)
637 2634 730 2668 opus
851 2625 918 2658 876
965 2624 1076 2658 etiam
1101 2634 1138 2658 se
1163 2622 1275 2657 hodie
1299 2626 1444 2657 tantum
1470 2622 1541 2656 rim
1566 2621 1669 2656 litem
1781 2611 1849 2654 877

370 2693 439 2726 ego
465 2691 530 2715 om.
557 2680 586 2714 C
658 2691 739 2714 ama
764 2692 835 2724 qua
860 2693 917 2715 me
995 2680 1132 2715 dudum
1153 2679 1182 2715 G
1253 2678 1404 2714 auferue
1427 2677 1477 2723 B,
1503 2676 1659 2712 Auferre
1682 2676 1713 2712 0
1788 2680 1852 2719 ss,

371 2737 446 2782 Que
470 2736 516 2779 Β,
543 2747 623 2782 quae
650 2736 680 2772 0
766 2741 909 2771 mutum
1005 2749 1048 2771 au
1073 2736 1119 2779 B,
1145 2739 1208 2771 aut
1232 2734 1259 2770 C
1358 2739 1463 2770 mutu
1559 2735 1628 2770 880
1651 2733 1761 2768 Pater
1782 2738 1849 2779 οῇ1
1871 2764 1873 2772 ,

461 2795 539 2829 sine
565 2805 645 2827 eum
671 2794 749 2836 ipse
844 2794 940 2828 huno
1032 2795 1095 2828 881
1126 2794 1226 2838 Ipsus
1253 2798 1311 2828 est.
1334 2803 1399 2828 om.
