2009 3218
139 197 202 241 IV,
230 200 257 234 l·
285 199 384 238 1-2,
407 199 429 231 '7
808 198 966 234 Rudens.
1548 204 1626 242 143

701 389 1068 433 DAEMONES.

139 506 254 548 Bene
285 505 448 547 factum
479 511 521 546 et
555 504 686 558 uolup
718 510 782 546 est
816 505 943 546 hodie
977 520 1041 547 me
1074 506 1141 548 his
1175 507 1438 549 mulierculis

138 577 349 620 Tetulisse
380 577 608 626 auxilium;
640 577 723 617 iam
757 577 953 618 cluentas
984 579 1168 632 repperi,

137 649 278 704 Atque
309 648 461 691 ambas
492 648 634 690 forma
665 648 824 689 scitula
855 654 985 702 atque
1018 650 1227 692 aetatula.

141 720 223 764 Sed
254 735 363 763 uxor
395 721 585 763 scelesta
616 735 682 762 me
714 720 914 762 omnibus
947 727 1095 764 seruat
1125 722 1276 769 modis,

138 793 200 836 Ne
230 794 304 848 qui
337 792 575 846 significem
608 792 829 846 quidpiam
865 792 1142 836 mulierculis.
1563 808 1629 842 355

138 864 221 908 Sed
254 863 414 919 Gripus
446 878 595 907 seruos
629 868 777 906 noster
809 865 912 918 quid
944 879 1086 907 rerum
1118 870 1256 920 gerat.

138 937 282 987 Miror,
315 936 367 979 de
399 941 526 978 nocte
557 938 630 991 qui
663 937 772 978 abiit
804 937 1014 991 piscatum
1047 937 1102 979 ad
1135 952 1262 980 mare.

139 1008 216 1051 Pol
247 1009 383 1062 magis
415 1009 611 1062 sapisset‚
645 1010 681 1051 si
713 1009 991 1051 dormiuisset
1023 1009 1156 1060 domi;

137 1081 247 1124 Nam
278 1095 392 1123 nunc
423 1086 466 1122 et
497 1094 676 1134 operam
708 1080 833 1123 ludos
865 1080 969 1123 facit
1003 1088 1045 1123 et
1076 1082 1196 1125 retia.

141 1152 198 1196 Ut
227 1157 466 1207 tempestas
499 1159 565 1195 est
595 1166 709 1194 nuuc
740 1159 870 1207 atque
901 1159 949 1195 ut
981 1159 1109 1195 noctu
1141 1154 1234 1202 fuit,
1562 1168 1630 1201 890

138 1225 184 1267 In
216 1225 365 1278 digitis
397 1225 525 1267 hodie
558 1239 821 1280 percoquam
854 1225 970 1279 quod
1003 1227 1187 1279 ceperit3

137 1297 204 1339 Ita
233 1295 444 1340 fluctuare
477 1297 605 1339 uideo
637 1297 918 1340 uehementer
951 1311 1081 1339 mare.

138 1368 221 1411 Sed
252 1369 306 1412 ad
339 1369 567 1424 prandium
598 1384 707 1411 uxor
739 1384 804 1411 me
837 1375 989 1420 uocat;
1022 1370 1154 1412 redeo
1188 1371 1373 1412 domum.

138 1440 229 1483 Iam
262 1455 378 1483 meas
412 1441 608 1496 opplebit
638 1443 754 1484 auris
787 1441 1130 1496 uaniloquentia.

767 1796 1011 1840 GRIPUS.

252 1909 454 1965 Neptuno
485 1910 562 1952 has
594 1925 675 1964 ago
706 1912 872 1963 gratias
901 1926 997 1953 meo
1030 1917 1226 1967 patrono,
1564 1927 1632 1961 895

197 1991 200 1995 ’
256 1983 338 2034 Qui
369 1983 498 2026 salsis
529 1983 636 2025 locis
666 1983 818 2025 incolit
851 1984 1118 2038 pisculentis,

255 2053 392 2104 Quom
425 2056 522 2098 med
552 2070 603 2097 ex
635 2057 724 2098 suis
757 2055 902 2110 pulcre
935 2057 1386 2111 ornatum-expediuit

254 2127 442 2182 Templis
472 2127 717 2177 redducem‚
751 2128 951 2182 pluruma
982 2128 1147 2182 praeda
1177 2135 1380 2170 onustum

255 2198 404 2241 Salute
435 2199 597 2248 horiae,
628 2213 740 2253 quae
772 2201 813 2240 in
847 2200 953 2241 mari
986 2199 1200 2242 fluctuoso

254 2270 428 2313 Piscatu
460 2285 573 2312 nouo
607 2285 672 2313 me
704 2271 825 2312 uberi
858 2273 1112 2326 conpotiuit.
1566 2286 1633 2319 900

142 2340 338 2398 Miroque
381 2343 505 2385 modo
545 2348 675 2396 atque
713 2343 959 2384 incredibili
999 2343 1067 2385 hic
1107 2345 1296 2403 piscatus
1337 2345 1439 2387 mihi
1487 2346 1629 2400 lepide

1090 2417 1250 2465 euenit,

257 2552 320 2585 881
348 2552 482 2594 uolupe
507 2551 536 2585 G
632 2562 689 2586 me
716 2551 825 2586 hodie
924 2553 992 2586 883
1014 2551 1133 2586 forma
1157 2551 1297 2587 fcrtula
1323 2553 1352 2587 0
1449 2555 1516 2589 885
1541 2555 1629 2598 quid

146 2606 212 2641 886
234 2608 386 2651 grippus
403 2607 432 2643 C
496 2609 564 2642 888
589 2609 686 2652 sapis
701 2608 763 2642 sed
780 2609 809 2642 si
876 2609 943 2642 889
966 2607 1073 2644 ludos
1090 2608 1154 2642 dat
1219 2610 1282 2644 891
1312 2612 1403 2654 quot
1417 2610 1631 2655 coeperitB

146 2663 213 2699 894
235 2665 416 2709 oppilabit
441 2675 551 2699 aures
576 2677 640 2698 sua
667 2665 946 2708 uaniloquentia
1109 2666 1175 2700 895
1200 2677 1282 2700 meo
1308 2669 1466 2711 patrono
1492 2668 1631 2711 gratias

146 2719 214 2754 897
237 2731 292 2754 me
316 2733 360 2756 ex
385 2721 459 2755 suis
484 2722 574 2755 locis
675 2722 742 2755 898
766 2721 939 2755 reducem
1039 2721 1237 2756 honestum
1339 2723 1407 2758 899
1432 2724 1559 2759 horeia
1583 2723 1629 2767 B,

146 2774 289 2812 hon-eia
315 2777 344 2812 G
433 2779 500 2812 900
524 2779 744 2822 competiuit
770 2776 804 2810 B
896 2779 959 2811 901
987 2778 1204 2813 incredibile
1232 2779 1260 2814 C'
