2009 3218
377 232 455 270 108
1048 228 1168 263 Plauti
1591 227 1642 271 ΙΙ,
1668 229 1699 270 3,
1724 229 1858 268 31-48

961 355 1262 406 Ampelisca

1201 425 1338 466 Periit
1369 424 1573 479 potando,
1604 425 1768 479 opinor.

370 497 600 550 Neptunus
632 496 797 550 magnis
830 496 994 549 poculis
1026 496 1106 538 hac
1138 501 1265 538 nocte
1298 511 1393 537 eum
1424 497 1642 538 inuitauit.
1791 507 1858 542 360

972 591 1251 632 Trachalio

370 662 509 704 Credo
526 662 683 712 hercle,
716 675 936 703 anancaeo
963 662 1113 703 datum
1138 662 1256 716 quod
1283 662 1462 704 biberet.
1511 661 1569 704 Ut
1586 675 1664 715 ego
1682 676 1780 704 amo
1797 667 1854 714 te,

368 734 466 776 Mea
497 733 758 788 Ampelisca3
791 738 840 774 ut
871 732 1006 775 dulcis
1038 747 1098 783 es,
1130 739 1179 775 ut
1209 733 1350 775 mulsa
1381 733 1498 775 dicta
1529 733 1655 775 dicis!

370 805 455 847 Sed
486 810 533 847 tu
565 809 610 847 et
639 804 866 845 Palaestra
897 818 980 857 quo
1012 805 1138 846 modo
1171 805 1320 847 saluae
1353 805 1492 847 estis?

959 907 1263 959 Ampelisca
1561 941 1565 944 r

1545 978 1683 1021 Scibis
1713 977 1824 1021 faxo.

369 1051 437 1093 De
454 1051 555 1092 naui
573 1050 752 1092 timidae
769 1050 922 1092 ambae
950 1052 993 1092 in
1020 1050 1225 1105 scapham
1250 1050 1501 1101 insiluimus‚
1534 1051 1638 1104 quia
1658 1051 1854 1093 uidemus

368 1123 432 1164 Ad
464 1136 569 1164 saxa
599 1136 755 1164 nauem
787 1122 949 1163 ferrier.
1014 1122 1258 1176 Properans
1291 1122 1455 1164 exsolui
1487 1126 1656 1173 restem,
1788 1134 1854 1168 365

365 1196 477 1237 Dum
507 1194 570 1236 illi
602 1195 767 1235 timent.
827 1194 916 1235 Nos
950 1208 1045 1236 oum
1072 1194 1235 1248 scapha
1259 1198 1497 1247 tempestas
1522 1193 1851 1236 dextrouorsum

365 1265 521 1308 Differt
551 1266 606 1308 ab
637 1266 735 1317 illis,
767 1267 915 1321 itaque
946 1280 1024 1307 nos
1055 1266 1284 1320 uentisque
1315 1265 1604 1320 fluctibusque

363 1339 555 1380 Iactatae
587 1338 795 1392 exemplis
826 1337 1039 1392 plurumis
1072 1338 1255 1379 miserae
1287 1341 1544 1392 perpetuam
1575 1341 1758 1380 noctem.

364 1409 445 1452 Uix
475 1409 603 1452 hodie
635 1409 691 1451 ad
721 1409 823 1451 litus
856 1410 1038 1463 pertulit
1068 1424 1146 1451 nos
1177 1413 1334 1451 uentus
1367 1410 1648 1451 exanimatas.

966 1512 1247 1553 Trachalio

363 1584 489 1634 Noui,
522 1583 750 1638 Neptunus
783 1585 845 1626 ita
876 1584 999 1626 solet.
1061 1583 1268 1634 Quamuis
1299 1583 1553 1625 fastidiosus
1783 1595 1851 1629 370

362 1655 526 1697 Aedilis
558 1660 644 1708 est3
677 1656 713 1697 si
745 1669 854 1710 quae
885 1655 1096 1709 inprobae
1129 1659 1229 1697 sunt
1259 1669 1436 1706 merces,
1466 1656 1601 1697 iactat
1632 1656 1782 1698 omnis.

963 1749 1255 1801 Ampelisca

363 1822 453 1864 Uae
484 1823 616 1876 capiti
647 1825 779 1875 atque
812 1821 949 1864 aetati
979 1826 1092 1862 tuae.

964 1915 1242 1956 Trachalio

1143 1988 1238 2038 Diu,
1271 2001 1368 2030 mea
1398 1987 1656 2041 Ampelisca,

365 2059 479 2101 Sciui
510 2059 706 2101 lenonem
738 2058 892 2110 facere,
925 2073 1038 2101 nunc
1071 2060 1185 2113 quod
1217 2058 1340 2111 fecit;
1375 2073 1504 2114 saepe
1537 2059 1636 2102 dixi.

364 2129 577 2185 Capillum
611 2132 860 2185 promittam
895 2136 1116 2185 optumum
1149 2136 1216 2173 est
1248 2132 1546 2186 occipiamque
1578 2132 1768 2174 ariolari.

957 2226 1257 2277 Ampelisca

363 2296 550 2339 Cauistis
582 2312 682 2351 ergo
715 2303 761 2339 tu
792 2303 922 2352 atque
955 2313 1053 2340 erus
1086 2312 1138 2340 ne
1171 2298 1325 2349 abiret,
1357 2311 1486 2351 quom
1518 2297 1710 2340 scibatis.
1779 2310 1846 2344 375

964 2400 1239 2442 Trachalio

362 2470 473 2521 Quid
504 2470 695 2512 faceret?

475 2628 541 2662 359
567 2629 663 2672 perit
756 2631 822 2663 3130
848 2629 1064 2673 Neptuneus
1090 2629 1125 2664 B
1219 2641 1301 2664 cum
1330 2630 1358 2661 (J
1448 2630 1509 2664 361
1540 2630 1674 2664 herche
1699 2630 1733 2664 B

361 2686 467 2719 Anan
492 2696 535 2719 eo
562 2684 590 2719 C
669 2686 734 2719 362
759 2686 876 2719 multa
904 2686 933 2720 C
1006 2687 1071 2720 363
1097 2686 1142 2720 Se
1169 2689 1207 2719 tu
1235 2685 1270 2728 O,
1298 2686 1389 2720 scita
1416 2685 1448 2720 Β
1539 2686 1642 2721 salue
1671 2686 1700 2721 Ο
1779 2687 1845 2721 364

362 2741 474 2776 Nauis
573 2743 638 2775 365
665 2742 852 2775 exsoluisti
879 2743 1004 2776 restim
1032 2743 1061 2777 C
1156 2744 1222 2777 368
1247 2743 1381 2777 iactate
1410 2742 1439 2777 Ο
1534 2743 1600 2777 369
1625 2754 1691 2776 nos
1717 2753 1782 2778 om.
1809 2741 1846 2777 B

361 2800 428 2833 370
454 2799 601 2842 quauist
626 2810 647 2832 a
671 2797 884 2832 fastidiosus
904 2798 938 2832 B
1008 2801 1074 2833 372
1098 2798 1141 2842 :lss
1167 2802 1231 2833 tuo
1258 2810 1340 2833 mea
1411 2800 1475 2833 373
1502 2798 1622 2834 facere
1647 2799 1720 2834 hoc
1745 2798 1844 2845 quod
