2009 3218
385 228 438 266 98
1060 220 1181 255 Plauti
1621 220 1650 263 I,
1676 223 1708 264 4,
1736 221 1865 262 11—,21

978 346 1280 397 Ampelisca

384 420 540 462 Mulier
571 423 657 470 est3
690 417 911 459 muliebris
942 432 1027 459 uox
1058 418 1159 458 mihi
1193 417 1247 457 ad
1280 418 1398 459 auris
1431 418 1562 459 uenit.

984 519 1263 561 Palaestra

386 593 544 643 Iamne,
578 592 698 645 Spes,
730 606 793 633 me
824 592 984 633 eximes
1017 607 1068 633 ex
1098 592 1179 633 hoe
1214 593 1413 633 miseram
1445 593 1590 633 metu?

978 694 1281 745 Ampelisca

389 767 519 810 Certo
549 781 635 809 uox
665 765 888 808 muliebris
918 767 1064 819 tetigit
1096 767 1213 807 auris
1245 780 1373 808 meas.

990 868 1086 910 Pal
1097 883 1121 910 a
1131 883 1151 910 e
1162 883 1184 910 3
1197 872 1242 909 tr
1252 882 1276 909 a

388 943 499 985 Num
529 941 773 996 Ampelisca
806 941 1053 983 obsecrost?

979 1044 1020 1084 A
1029 1057 1105 1095 mp
1116 1043 1217 1085 elis
1226 1057 1246 1084 c
1257 1057 1281 1085 a

1113 1114 1217 1165 Ten,
1249 1115 1489 1166 Palaestra,
1521 1114 1677 1157 audio?

989 1217 1268 1259 Palaestra

391 1291 502 1342 Quin
533 1304 657 1342 uoco,
687 1294 736 1331 ut
765 1303 831 1331 me
862 1289 1025 1340 audiat,
1057 1290 1228 1331 nomine
1258 1289 1376 1332 illam
1409 1290 1518 1332 suo?
1809 1301 1876 1335 235

391 1363 650 1417 Ampelisca.

982 1434 1279 1486 Ampelisca

717 1506 837 1557 Hem,
869 1507 966 1560 quis
999 1508 1094 1549 est?

991 1601 1268 1643 Palaestra

1154 1674 1244 1727 Ego
1277 1673 1498 1715 Palaestra
1529 1674 1624 1724 ipsa
1654 1686 1759 1714 saon.

986 1764 1285 1816 Ampelisca

392 1823 471 1864 Dic
501 1821 575 1863 ubi
607 1822 680 1863 es?

993 1902 1273 1943 Palaestra

747 1973 825 2016 Pol
857 1986 934 2026 ego
966 1988 1079 2015 nunc
1110 1975 1153 2014 in
1185 1974 1310 2015 malis
1341 1973 1562 2027 plurumis.

988 2065 1280 2116 Ampelisca

394 2138 522 2180 Socia
553 2152 646 2180 sum
677 2151 755 2178 nec
787 2138 925 2178 minor
955 2151 1056 2191 pars
1089 2151 1184 2179 mea
1215 2141 1280 2179 est
1311 2150 1442 2190 quam
1474 2140 1561 2178 tua.

393 2209 476 2252 Sed
507 2209 655 2251 uidere
688 2212 841 2263 expeto
873 2212 927 2250 te.

993 2299 1274 2342 Palaestra

1004 2372 1109 2414 Mihi
1141 2387 1185 2414 es
1216 2371 1398 2414 aemula.

987 2463 1285 2515 Ampelisca

394 2534 718 2589 Consequamur
748 2535 884 2588 gradu
917 2549 1077 2577 uocem.
1141 2535 1222 2578 Ubi
1256 2536 1332 2577 es?

509 2695 574 2727 232
601 2694 693 2728 Ante
718 2692 851 2726 eximes
877 2694 1010 2728 lacuna
1035 2694 1191 2728 duarum
1216 2693 1420 2729 litterarum
1540 2694 1605 2727 233
1632 2692 1727 2727 auris
1754 2691 1878 2735 tetigit

509 2752 575 2784 236
600 2750 717 2793 palest
744 2748 786 2789 R,
814 2749 931 2793 palam
959 2754 1016 2784 est
1043 2750 1070 2784 C
1193 2752 1259 2785 238
1285 2749 1387 2784 Sotia
1519 2751 1584 2784 239
1609 2749 1810 2784 essaemula
1834 2749 1877 2793 B,

396 2818 475 2842 esse
500 2807 599 2841 mula
627 2806 655 2840 C
