2009 3218
150 159 197 203 ΙΙ,
222 160 254 198 4,
283 158 458 192 IIS-427
788 154 1033 190 Trinummua.
1559 162 1639 199 285

757 280 1026 323 Stasimus

724 351 817 394 Huc
851 353 1036 394 concede
1068 354 1354 408 aliquantum.

805 447 990 489 Philto

1451 522 1584 564 Licet.

756 589 1027 633 Stasimus

149 669 316 710 Arcano
349 665 429 708 tibi
462 678 539 717 ego
572 663 654 704 hoc
686 662 794 711 dico,
827 677 880 704 ne
911 662 982 706 ille
1014 677 1066 705 ex
1098 669 1140 704 te
1172 666 1282 706 sciat
1579 680 1645 712 520

150 741 268 783 Neue
301 739 413 780 alius
445 738 687 791 quisquam.

807 815 838 856 P
849 814 900 856 hi
913 814 954 856 lt
965 830 988 856 o

749 886 886 930 Crede
919 887 1129 930 audacter
1161 889 1402 943 quidlubet.

762 981 1034 1025 Stasimus

152 1057 233 1099 Per
263 1057 368 1099 deos
403 1062 536 1111 atque
570 1056 764 1098 homines
797 1055 906 1105 dico,
941 1069 992 1097 ne
1024 1060 1070 1098 tu
1102 1056 1235 1098 illunc
1266 1071 1416 1109 agrum

153 1129 288 1171 Tuum
320 1130 419 1171 siris
451 1142 657 1183 umquam
689 1128 780 1169 fieri
813 1142 952 1181 neque
985 1129 1104 1182 gnati
1138 1130 1214 1171 tui.

153 1201 202 1243 Ei
234 1202 296 1244 rei
328 1206 582 1255 argumenta
614 1199 769 1242 dic-am.

808 1279 877 1321 Ph
889 1281 901 1322 i
915 1280 992 1322 lto

845 1353 1006 1395 Audire
1039 1354 1194 1408 edepol
1226 1354 1359 1396 lubet.

763 1447 1030 1491 Stasimus

154 1521 341 1563 Primum
376 1522 564 1562 omnium
599 1520 699 1561 olim
730 1525 849 1562 terra
881 1535 1010 1575 quom
1043 1521 1351 1576 proeoiuditur=
1447 1511 1451 1516 ⁵
1582 1535 1648 1568 525

155 1593 201 1634 In
235 1594 386 1648 quinto
417 1606 588 1646 quoque
619 1593 739 1634 sulco
772 1593 1016 1635 moriuntur
1047 1593 1194 1635 boues.

807 1687 988 1730 Philto

155 1759 316 1814 Apage.

762 1831 1033 1875 Stasimus

386 1904 646 1946 Acheruntis
676 1905 832 1946 ostium
863 1906 905 1946 in
937 1909 1089 1947 nostro
1122 1912 1188 1948 est
1219 1920 1337 1960 agro,

156 1976 264 2019 Tum
297 1978 441 2018 uinum
475 1978 592 2031 prius
624 1988 753 2030 quam
785 1981 956 2019 coctum
988 1982 1053 2019 est
1085 1978 1246 2032 pendet
1275 1979 1488 2032 put-idum.

727 2080 1065 2123 Lesbonicus

159 2150 408 2194 Consuadet
438 2152 614 2195 homini.
647 2152 789 2194 credo.
851 2153 942 2194 Etsi
974 2153 1185 2195 scelestus
1217 2159 1294 2205 est,

159 2224 213 2266 At
244 2224 348 2265 mihi
379 2223 567 2266 infidelis
598 2238 681 2266 non
716 2229 792 2266 est.

766 2315 794 2357 S
804 2321 821 2357 t
831 2331 857 2358 a
867 2317 961 2358 sim
973 2331 1001 2358 u
1011 2331 1030 2359 s

831 2388 940 2430 Audi
976 2394 1131 2431 cetera.
1255 2398 1258 2402 '
1583 2408 1649 2442 530

274 2526 337 2559 521
366 2525 642 2570 quisquisquam
658 2525 692 2559 A
761 2524 849 2569 quid
863 2525 967 2560 iubet
982 2525 1047 2560 BC
1103 2528 1170 2561 522
1185 2527 1284 2562 illum
1303 2528 1332 2564 C
1386 2531 1451 2564 523
1464 2531 1569 2566 sciris
1584 2531 1652 2566 BG

272 2593 332 2615 um
360 2580 437 2616 fieri
461 2593 580 2626 neque
607 2582 708 2625 gnati
735 2582 787 2616 tui
815 2593 921 2626 quam
949 2583 980 2616 A
1114 2584 1180 2618 524
1205 2590 1463 2627 argumentum
1491 2587 1559 2622 Bc

162 2638 263 2672 iubet
275 2637 345 2674 BC
411 2640 476 2673 525
501 2651 609 2683 quom
634 2650 698 2674 om.
715 2640 744 2672 A
818 2640 883 2673 526
909 2640 1108 2684 quinctoA
1179 2643 1246 2676 527
1270 2643 1557 2679 accheruutisB

161 2694 320 2730 hostium
347 2696 377 2730 A
473 2700 601 2730 nostro
627 2697 655 2729 si
682 2695 727 2738 Β,
755 2699 916 2730 nostrost
944 2697 973 2731 0
1062 2698 1127 2731 528
1151 2697 1270 2734 Tuum
1296 2700 1324 2734 C
1411 2702 1574 2736 eoactusi
1600 2701 1646 2738 B.

163 2754 330 2787 coactum
359 2755 414 2787 est
438 2752 467 2786 C
559 2754 625 2786 529
650 2756 684 2787 et
711 2753 888 2787 scelestus
915 2753 944 2787 C
