2009 3218
388 236 438 273 32
880 220 905 248 ’ἃ
1066 231 1184 265 Plauti
1601 230 1649 273 ΙΙ,
1677 233 1707 273 4,
1733 232 1868 265 20-—30

970 356 1278 409 Sayaristio

1394 427 1545 468 Itane?
1591 427 1759 481 Specta,
1800 440 1867 472 290

385 499 494 549 Quid
528 498 698 540 dedero.

982 581 1264 633 Paegsnium

586 652 725 704 Nihil;
756 667 855 694 nam
886 653 993 694 nihil
1025 653 1174 694 habes.

972 758 1275 811 Sayaristio

1016 830 1066 870 Di
1098 830 1290 882 deaeque
1324 843 1388 870 me
1420 843 1567 870 omues
1599 829 1784 882 perdant
1814 854 1868 858 —

982 935 1264 986 Padauium

385 1007 557 1049 Amicus
589 1020 703 1059 sum3
734 1008 939 1049 eueniant
969 1006 1067 1048 uolo
1100 1006 1179 1048 tibi
1212 1020 1321 1060 quae
1353 1012 1493 1059 optas.

973 1112 1276 1163 Sassaristio

1531 1184 1672 1238 Atque
1703 1184 1747 1225 id
1777 1184 1866 1234 fiat,

385 1256 479 1298 Nisi
511 1261 553 1298 te
586 1256 726 1307 hodie,
758 1256 790 1297 si
825 1255 1105 1310 prehendero,
1140 1255 1322 1308 defigam
1354 1256 1396 1296 in
1428 1259 1586 1296 terram
1620 1255 1823 1309 colaphis.

983 1351 1263 1403 Paegynium

384 1423 477 1464 Tun
509 1437 576 1465 me
609 1423 799 1477 defigas?
830 1428 872 1465 te
905 1424 1020 1464 cruci
1052 1424 1191 1477 ipsum
1224 1421 1414 1476 adfigent
1444 1421 1695 1476 propediem
1726 1421 1814 1462 alii.

976 1517 1280 1570 Sagyarz'stio

382 1589 463 1639 Qui
509 1594 551 1631 te
600 1589 642 1630 di
697 1589 889 1644 deaeque
935 1612 987 1617 -
1034 1589 1146 1639 Scis,
1202 1588 1303 1641 quid
1355 1588 1452 1629 hinc
1497 1601 1626 1641 porro
1675 1587 1866 1629 dicturus

1329 1660 1495 1709 fuerim,
1801 1671 1867 1704 295

380 1731 434 1773 Ni
465 1732 638 1785 linguae
670 1733 883 1775 moderari
917 1747 1081 1787 queam.
1144 1732 1268 1773 Potin
1302 1732 1463 1773 abeas?

982 1827 1047 1868 Pa
1061 1842 1113 1880 egl
1125 1842 1146 1867 n
1162 1829 1175 1866 i
1188 1843 1210 1865 n
1221 1842 1258 1868 m

1509 1897 1658 1951 Abigis
1691 1898 1837 1950 facile3

381 1971 491 2013 Nam
522 1971 676 2013 umbra
705 1985 801 2014 mea
831 1972 915 2013 iam
948 1972 1064 2013 intus
1096 1971 1286 2024 uapulat.

972 2066 1272 2117 Sccqczrz'stio

1098 2137 1155 2179 Ut,
1184 2138 1330 2179 istunc
1361 2137 1404 2179 di
1435 2137 1628 2191 deaeque
1659 2137 1864 2191 perdant!

381 2210 620 2263 Tamquam
651 2224 909 2264 proserpens
943 2210 1080 2251 bestia
1112 2214 1179 2250 est
1211 2209 1410 2263 bilinguis
1443 2213 1486 2250 et
1517 2209 1737 2250 scelestus.

381 2283 536 2325 Hercle
567 2284 698 2324 istum
729 2283 872 2324 abisse
903 2283 1081 2335 gaudeo.
1131 2282 1262 2323 Fores
1294 2282 1467 2335 aperite.
1516 2281 1674 2322 Eeoere
1707 2286 1863 2327 autem,

381 2355 515 2405 Quem
547 2355 776 2396 conuenire
810 2368 1002 2395 maxume
1034 2354 1274 2407 cupiebam,
1306 2353 1526 2406 egreditur
1555 2353 1683 2394 intus.
1800 2363 1867 2396 300

461 2514 523 2547 291
541 2512 605 2554 Qui
624 2512 653 2546 C
709 2512 757 2546 dii
773 2511 841 2546 BG
896 2515 932 2547 te
947 2511 1012 2546 BG
1066 2513 1132 2546 292
1142 2512 1310 2556 proximo
1319 2514 1540 2555 postponunt
1552 2509 1616 2544 ΒΟ
1673 2510 1865 2544 eueniatA

383 2572 447 2604 293
473 2575 509 2603 te
536 2581 600 2604 om.
632 2570 659 2603 C
750 2568 908 2602 defin-am
926 2569 957 2601 A
1059 2570 1124 2603 294
1148 2568 1250 2602 Tunc
1274 2566 1339 2602 BC
1428 2566 1642 2611 propediem
1667 2565 1804 2600 adflent.
1816 2565 1863 2609 B,

383 2626 616 2670 propediouti
645 2626 796 2668 affigunt
820 2624 849 2659 C
979 2627 1043 2659 295
1070 2625 1163 2668 Quin
1184 2624 1250 2659 BC
1384 2625 1449 2658 296
1475 2623 1534 2657 Nil
1559 2623 1712 2667 ingruae
1733 2623 1778 2666 B,
1805 2621 1862 2657 Nil

383 2684 530 2725 linguae
552 2682 579 2717 C
670 2682 804 2715 habeas
887 2683 951 2715 297
979 2683 1044 2714 iam
1073 2693 1135 2715 om.
1164 2681 1232 2716 BC
1315 2682 1395 2714 intu
1421 2680 1546 2724 apulat
1570 2678 1605 2714 B
1697 2679 1805 2714 istum
1830 2679 1863 2713 A

384 2741 449 2774 298
475 2740 613 2772 bestiae
639 2738 707 2773 BG
798 2742 853 2771 est
878 2749 940 2772 om.
968 2738 1034 2771 BC
1136 2738 1293 2771 celestus
1320 2737 1354 2771 B
1464 2738 1529 2771 299
1553 2735 1655 2770 illum
1680 2735 1750 2770 BG

385 2796 519 2829 abiisse
543 2795 610 2830 AC
701 2794 789 2829 foris
814 2794 879 2828 AG
971 2795 1090 2838 aperit
1184 2796 1249 2828 300
1274 2806 1354 2828 cum
1383 2793 1508 2828 uenire
