2009 3218
744 212 784 247 V.
818 215 1002 249 156—223.
1537 220 1609 257 571

139 341 226 379 194.
275 337 379 389 quid
407 336 513 386 ais?,
561 340 685 387 V.·ad
719 342 858 391 Amph.
892 343 984 379 414.
1034 345 1133 380 infra
1176 344 1268 382 643.
1304 345 1396 382 892.
1428 365 1480 369 —
1527 346 1615 382 195.

47 462 59 469 ι
135 404 400 455 Posticulum,
434 410 587 457 postica
616 421 708 457 pars
740 409 895 458 aedium,
935 410 980 447 cf.
1019 412 1136 449 1085.
1211 411 1329 449 Titin.
1368 414 1464 450 142:
1516 412 1617 460 „duo

134 477 303 527 postica,
350 489 449 525 quae
496 476 581 514 loco
626 474 842 514 mercede“.
919 477 1018 515 Gell.
1051 478 1180 525 XVII,
1224 481 1268 526 6.
1310 482 1332 517 6
1365 494 1442 530 sq.:
1492 494 1619 528 „nunc

134 556 287 594 quoque
318 544 356 580 in
389 543 681 581 venditionibus
711 540 839 592 ‘recipi
870 544 1063 593 dicuntur,
1099 560 1182 596 quae
1215 549 1463 597 excipiuntur
1494 563 1618 597 neque

133 615 315 651 veneunt.
383 612 467 658 Quo
498 612 615 649 verbo
647 612 810 650 Plautus
850 626 1005 662 quoque
1037 615 1075 650 in
1108 614 1336 653 Trinummo
1367 630 1460 654 usus
1491 621 1550 654 est
1581 619 1618 654 in

134 681 206 718 hoc
237 693 367 718 versu:
420 680 684 725 ,Posticulum
717 681 789 719 hoc
819 683 979 730 recepit,
1021 695 1103 719 cum
1137 683 1245 720 aedis
1276 683 1495 731 uendidit&
1529 687 1551 722 i.
1585 699 1622 723 e.

135 761 219 786 cum
257 748 351 785 aedis
389 748 588 794 vendidit,
635 750 866 798 particulam
905 750 1117 798 quandam.
1166 764 1263 800 quae
1301 756 1390 802 post
1428 766 1492 789 eas
1525 753 1619 791 aedis

135 819 237 863 erat,
284 829 359 854 non
400 817 578 854 vendidit
618 818 685 855 sed
723 815 929 855 retinuiff.
1005 818 1085 855 Nec
1124 818 1238 856 aliter
1269 819 1417 856 Nonius
1447 833 1485 870 p.
1521 821 1614 867 384,

134 885 208 922 nisi
246 885 348 934 quod
388 885 423 921 in
464 886 534 922 hoc
576 899 690 923 versu
730 885 924 922 laudando
967 884 1204 932 ‚,uenderet“
1249 888 1397 924 scribit.
1428 908 1483 913 —
1528 890 1616 926 196.

133 950 150 990 i
179 962 291 997 sane,
325 968 358 991 v.
393 953 440 990 ad
473 953 582 991 Asin.
610 954 702 991 461.
736 973 790 979 —
826 955 914 991 198.
948 952 1066 992 iuxta
1097 963 1200 1003 cum,
1232 968 1308 992 non
1342 956 1457 993 aliter
1488 970 1616 1006 quain,

134 1035 170 1060 v.
202 1021 251 1058 ad
282 1022 372 1059 Aul.
406 1022 499 1059 674.

249 1090 341 1127 201.
381 1086 740 1140 mendaciloquius
772 1091 887 1127 etiam
919 1091 971 1137 A,
1014 1092 1169 1129 vitiosis
1198 1092 1389 1141 numeris,
1430 1093 1502 1129 nisi
1535 1106 1619 1130 cum

135 1156 385 1196 Lachmanno
418 1157 533 1196 Lucr.
558 1171 595 1207 p.
626 1160 701 1196 129
736 1159 746 1194 i
778 1159 950 1196 vocalem
983 1159 1211 1197 delitescere
1242 1164 1368 1210 putes.
1430 1161 1621 1210 Bergkius

138 1224 524 1276 „mendaciloquom“
554 1227 690 1273 voluit,
723 1227 902 1276 idemque
926 1228 1070 1278 probat
1094 1227 1139 1264 R.
1171 1227 1327 1276 Proleg.
1351 1243 1388 1278 p.
1415 1228 1620 1274 CCXXXI,

135 1295 202 1332 sed
233 1307 388 1332 versum
419 1296 594 1344 spurium
628 1299 770 1332 censet.
806 1314 853 1320 -
889 1306 1020 1344 ¹neque
1051 1293 1154 1334 adeo
1185 1298 1218 1333 A
1250 1302 1294 1333 ut
1323 1298 1413 1334 182.
1443 1317 1495 1321 —
1528 1298 1620 1335 203.

135 1372 314 1410 scurras,
347 1363 392 1400 cf.
427 1363 475 1400 ad
507 1362 618 1401 Cure.
655 1364 746 1401 296.
782 1383 834 1387 ——
877 1365 970 1401 204.
1011 1359 1164 1402 ‘ibidem
1193 1374 1277 1402 una
1309 1361 1446 1411 traho,
1485 1365 1620 1403 iisdem

135 1431 360 1479 adnumero,
394 1433 439 1468 cf.
473 1432 566 1469 413.
604 1451 654 1457 —
688 1433 779 1469 206.
812 1442 900 1482 neq.
935 1442 1156 1482 qumquam
1182 1434 1225 1469 A.
1259 1453 1314 1458 —
1347 1421 1439 1471 208,
1474 1428 1625 1471 Sciunt

137 1495 240 1550 quid
275 1499 442 1537 Reizius.
488 1520 550 1544 —,
601 1501 692 1538 209.
735 1501 780 1537 cf.
823 1500 1016 1538 Theocrit.
1062 1502 1130 1547 15,
1180 1502 1251 1538 64:
1306 1502 1423 1538 πάντα
1460 1505 1623 1551 γυναῖκες

136 1570 262 1616 ἴσαντι,
294 1568 352 1604 καὶ
382 1568 426 1610 ὦς
457 1570 540 1610 Ζεὺς
570 1569 726 1618 ἠγάγεθ’
752 1569 875 1617 “lignun
901 1589 952 1593 -—
986 1570 1078 1606 210.
1111 1564 1280 1614 ficerunt
1310 1569 1452 1618 Bergk.
1506 1569 1550 1606 R.
1584 1575 1621 1607 et

135 1637 236 1674 hunc
276 1649 432 1674 versum
473 1641 512 1674 et
545 1641 628 1674 tres
666 1637 942 1674 antecedentes
981 1637 1202 1674 damnabat.
1233 1657 1289 1662 —
1328 1639 1421 1675 211.
1453 1634 1625 1676 laudent

136 1700 310 1753 culpent,
344 1705 575 1754 asyndeton,
609 1719 643 1743 v.
670 1705 717 1742 ad
734 1705 874 1755 Amph.
899 1706 960 1743 13.
990 1725 1036 1730 —
1074 1707 1164 1743 214.
1199 1715 1244 1743 ccc
1274 1715 1361 1743 sese
1391 1705 1619 1744 Gulielmus.

137 1791 191 1798 —-
231 1774 322 1811 216.
370 1771 419 1811 (Ie
457 1782 597 1811 eorum
636 1769 793 1820 uerbis,
842 1774 887 1810 cf.
921 1773 1024 1811 Men.
1062 1775 1153 1811 264.
1186 1794 1240 1799 —
1277 1771 1461 1812 insciens
1491 1775 1536 1812 A.
1568 1793 1622 1799 -—

139 1842 229 1880 219.
274 1839 513 1892 „quidquid“
549 1844 740 1879 sermonis
773 1855 889 1879 causa
918 1842 1012 1878 ferri
1043 1844 1191 1890 potuit,
1231 1856 1265 1880 v.
1300 1842 1348 1880 ad
1381 1843 1486 1880 Asin.
1522 1843 1622 1888 324;

137 1910 204 1948 sed
245 1923 378 1948 versus
415 1924 532 1948 causa
572 1907 752 1960 quidque
791 1923 876 1947 cum
909 1909 1105 1959 Scaligero
1146 1911 1405 1949 scribendum.
1437 1930 1493 1936 -
1522 1907 1621 1957 nisi,

138 1977 343 2022 ἅσυνδέτως,
380 1992 446 2022 „ac
479 1977 576 2016 nisi“
614 1978 819 2016 dicendum
853 1982 949 2024 erat,
984 1978 1033 2015 cf.
1060 1979 1163 2016 infra
1196 1980 1289 2016 349.
1324 1980 1416 2017 398.
1451 1980 1542 2017 472.
1569 1998 1623 2004 -

139 2048 231 2085 220.
263 2057 331 2085 res
361 2048 407 2094 A,
444 2051 488 2085 ut
518 2049 595 2084 iam
626 2046 854 2084 Gulielmus.
923 2056 990 2084 res
1020 2043 1080 2085 sz‘t
1109 2048 1164 2093 ei,
1204 2048 1229 2083 i.
1263 2061 1293 2084 e.
1326 2060 1415 2085 reus
1445 2047 1531 2094 fiat,
1575 2048 1622 2085 cf.

138 2113 214 2152 cic.
241 2113 349 2153 Orat.
377 2115 426 2163 11,
457 2117 523 2163 43,
561 2117 656 2154 183;
695 2128 804 2161 „reos
843 2115 996 2164 appello
1026 2128 1103 2152 non
1137 2128 1202 2152 eos
1233 2115 1366 2164 modo,
1410 2116 1475 2165 qui
1508 2127 1622 2164 argu-

137 2186 275 2230 untur,
322 2184 388 2222 sed
431 2197 580 2229 omnes,
629 2197 794 2233 quorum
834 2183 882 2220 de
921 2197 962 2219 re
1002 2182 1264 2234 disceptatum
1311 2184 1364 2221 sic
1396 2185 1497 2221 enim
1530 2184 1623 2221 olim

138 2248 439 2300 loquebantur“.
502 2253 566 2299 79,
608 2253 706 2290 321:
759 2265 870 2299 „reos
912 2251 1086 2301 appello,
1132 2264 1298 2301 quorum
1329 2265 1391 2290 res
1423 2249 1520 2289 est“.
1572 2272 1620 2277 —-

140 2320 231 2357 221.
253 2315 418 2369 publico
435 2315 551 2368 bono,
568 2334 604 2358 v.
624 2320 672 2357 ad
690 2320 829 2369 Amph.
852 2321 942 2358 317.
965 2339 1015 2344 —
1035 2321 1128 2357 223.
1153 2316 1442 2368 Occlusz'orem,
1460 2321 1506 2358 cf.
1530 2322 1620 2359 189.

252 2526 345 2563 224.
391 2525 436 2563 In
466 2526 538 2563 hoc
569 2528 720 2563 cantico
751 2525 1024 2563 constituendo
1054 2538 1233 2575 magnam
1263 2530 1413 2574 partem
1446 2526 1621 2575 Spenge-

138 2594 233 2631 lium
265 2597 420 2631 secutus
451 2607 549 2642 sum,
583 2595 637 2631 ita
668 2599 797 2631 tamen
829 2601 926 2642 upa
949 2593 1157 2639 codicibus,
1191 2597 1378 2643 quantum
1400 2593 1485 2631 fieri
1509 2607 1623 2644 posse

137 2661 359 2707 videbatur,
398 2675 475 2700 non
505 2663 739 2700 recederem.
802 2663 995 2700 224—32
1034 2664 1253 2700 tetrametri
1285 2661 1492 2710 bacchiaci,
1525 2675 1622 2711 quos

86 2755 91 2759 -
139 2729 286 2768 claudit
317 2729 482 2769 dimeter
514 2732 606 2769 233.
664 2732 853 2768 234-35
887 2729 1042 2768 iambici
1072 2731 1296 2780 septenarii.
1360 2731 1437 2768 236
1471 2742 1622 2779 anapae-

139 2800 258 2836 sticus
306 2799 484 2836 dimeter.
563 2800 639 2836 237
682 2798 868 2836 iambicus
907 2799 1163 2848 septenarius.
1241 2799 1319 2837 238
1366 2799 1623 2847 anapaesticus
