2009 3218
162 165 221 203 lv.
250 147 295 206 2(
307 166 444 199 ⁷2—78
787 161 1034 196 Trinummus.
1567 163 1615 201 31
1629 163 1642 200 l

741 285 810 328 Ch
826 300 933 327 arm
947 286 959 327 i
973 285 1032 327 de
1045 300 1063 327 s

691 356 941 412 Callippus?

735 450 1075 507 Sycophanta

1002 522 1094 565 Non
1127 528 1205 565 est.

745 614 776 656 C
788 613 815 655 h
827 627 883 655 ar
897 614 957 654 mi
971 613 995 654 d
1009 628 1030 655 e
1045 628 1063 655 s

1269 684 1604 726 Callidemides?

727 772 1078 827 Sycophanta

168 830 261 873 Nou
292 839 368 872 est.

746 914 777 957 C
790 916 817 957 h
830 929 886 957 ar
900 915 998 956 mid
1010 930 1031 958 e
1045 930 1063 957 s

409 988 675 1031 Callinicus?

727 1081 1079 1136 Sycophanta

758 1152 854 1194 Non
887 1158 964 1194 est.

754 1246 1067 1289 Charmides

1000 1318 1342 1361 Callimarchus'?

733 1407 1116 1468 Sycophanta*

1396 1469 1514 1511 Nihil
1546 1470 1650 1523 agis,

164 1542 313 1598 Neque
338 1542 446 1585 adeo
474 1542 628 1596 edepol
652 1540 774 1583 flocci
798 1541 923 1591 facio,
940 1541 1114 1595 quando
1140 1547 1311 1595 egomet
1335 1542 1507 1583 memini
1533 1541 1649 1582 mihi.

747 1645 1062 1689 Charmides

165 1721 221 1762 At
250 1722 359 1762 enim
392 1719 514 1763 multi
547 1718 776 1761 Lesbonici
810 1724 911 1761 sunt
941 1718 1032 1770 hic;
1063 1720 1147 1761 nisi
1178 1734 1332 1763 nomen
1363 1720 1502 1773 patris

166 1787 304 1838 Dices,
336 1803 418 1831 non
454 1804 628 1844 possum
661 1791 771 1832 istos
804 1796 1046 1832 monstrare
1076 1791 1284 1842 homines,
1317 1805 1423 1846 quos
1446 1795 1494 1832 tu
1520 1804 1649 1845 quae—

1110 1862 1230 1904 ritas.
1585 1873 1651 1907 920

167 1930 289 1981 Quod
320 1931 375 1974 ad
409 1933 651 1987 exemplum
684 1934 778 1975 est?
810 1933 1060 1975 coniectura
1092 1934 1127 1975 si
1160 1935 1349 1988 reperire
1382 1948 1620 1988 possumus.

733 2042 1075 2098 Sycophanta

166 2111 229 2153 Ad
259 2111 340 2154 hoc
371 2114 613 2168 exemplum
647 2120 726 2165 est,
759 2115 813 2156 ad
846 2112 1020 2163 Chares,
1054 2114 1109 2156 ad
1141 2113 1415 2157 Charmenes.

750 2229 1057 2273 Charmides

1226 2288 1337 2330 Num
1371 2287 1649 2331 Charmides?

732 2389 1082 2444 Sycophanta

168 2455 244 2500 Em
274 2459 373 2501 istic
404 2461 507 2510 erit;
538 2462 609 2514 qui
642 2462 772 2502 istum
808 2461 851 2502 di
885 2461 1081 2515 perdant.

276 2616 343 2650 916
366 2617 629 2653 calliclemides
657 2617 686 2652 C
791 2619 858 2652 917
883 2618 1126 2653 calimarchus
1232 2620 1298 2654 919
1322 2620 1415 2665 Atq;
1441 2619 1477 2655 Β
1588 2622 1655 2655 920

167 2675 373 2707 monstrare
397 2684 545 2717 possum
571 2674 663 2708 istos
775 2674 842 2708 922
862 2679 947 2718 post
968 2675 1037 2709 931
1062 2676 1219 2719 scriptus
1243 2675 1283 2710 in
1309 2675 1343 2710 B
1456 2677 1651 2711 anchares-

169 2725 421 2763 nucha-midos
450 2738 477 2765 ω
568 2731 655 2764 mim
682 2729 730 2773 B,
758 2731 834 2764 min
862 2729 890 2765 C
979 2732 1044 2766 923
1069 2731 1152 2766 hem
1180 2731 1209 2767 C
