2009 3218
130 222 158 266 1,
182 221 213 264 2,
237 219 373 255 84—97
749 217 996 254 Trinummun,
1533 225 1606 265 261

126 347 173 389 ln
204 345 382 388 eandem
416 348 508 385 tute
541 344 773 385 accederes
806 344 1024 386 infamiam

126 417 371 471 Malumque
403 420 450 457 ut
480 416 573 457 eius
605 429 703 457 cum
735 421 809 457 tuo
843 416 1044 457 misceres
1079 418 1204 459 malo.

743 509 997 552 Callicles

126 582 236 635 Quid
268 582 380 625 feci?

673 662 1053 715 Mcyarouicles

435 734 557 785 Quod
590 734 717 776 homo
749 748 947 788 nequam.

739 829 995 871 Callicles

1005 902 1100 944 Non
1134 904 1248 945 istuc
1278 918 1419 946 meum
1452 910 1529 947 est.

681 981 1052 1034 Meyaronidcs

124 1053 303 1095 Emistin
336 1053 387 1094 de
419 1053 698 1095 adulescente
731 1054 853 1095 hasce
883 1055 1004 1096 aedis
1036 1078 1088 1083 —-
1122 1055 1225 1109 quid
1257 1057 1406 1098 taces?
1437 1080 1491 1086 —
1549 1070 1611 1103 125

127 1125 205 1168 Ubi
236 1139 349 1167 nunc
381 1129 474 1167 tute
508 1125 711 1167 liabitas?

741 1205 994 1247 Callicles

761 1278 854 1318 Emi
887 1283 1018 1332 atque
1051 1283 1278 1332 argentum
1311 1281 1424 1331 dedi,

121 1340 598 1403 Minas'quadraginta‚
632 1349 902 1391 adulescenti
935 1351 1017 1404 ipsi
1049 1352 1090 1392 in
1124 1366 1307 1394 manum.

670 1445 1051 1498 ffleyaronides

42 1529 48 1534 ·
120 1516 316 1559 Dedistin
349 1517 606 1569 argentum?

740 1597 995 1640 Callicles

662 1670 856 1721 Factum,
889 1685 1028 1725 neque
1060 1671 1166 1713 facti
1200 1674 1327 1727 piget.

676 1765 1052 1818 Meyarom‘des

121 1836 285 1891 Edepol
316 1837 400 1879 fide
431 1838 757 1879 adulescentem
790 1837 1040 1879 mandatum
1076 1840 1228 1881 malae.

121 1909 338 1951 Dedistine
370 1910 452 1951 hoc
483 1910 597 1952 facto
630 1911 668 1951 ei
701 1909 908 1962 gladium,
940 1911 1012 1965 qui
1047 1925 1091 1953 se
1124 1912 1373 1954 occideret?
1549 1927 1613 1960 130

122 1979 231 2031 Quid
263 1995 386 2024 secus
418 1987 487 2024 est
518 1986 593 2024 aut
625 1982 727 2036 quid
760 1983 955 2033 interest,
988 1983 1093 2024 dare
1124 1984 1165 2024 in
1198 1989 1240 2025 te
1272 1999 1426 2027 manus

120 2053 352 2107 Argentum
385 2055 551 2096 amanti
583 2054 745 2095 homini
778 2054 1061 2106 adulescenti,
1093 2057 1223 2097 animi
1255 2057 1409 2111 inpoti‚

120 2124 199 2176 Qui
230 2126 537 2168 exaedificaret
569 2141 690 2168 suan]
724 2126 972 2168 inchoatam
1007 2128 1255 2181 ignauiam?

736 2220 994 2263 Callicles

119 2292 212 2335 Non
243 2307 320 2347 ego
352 2294 415 2335 illi
447 2298 675 2347 argentum
708 2294 962 2335 redderem?

674 2388 1050 2442 Meyaronides

1004 2461 1103 2504 Non
1136 2463 1353 2515 redderes,

72 2580 75 2582 ,
119 2529 265 2586 Neque
296 2533 348 2574 de
379 2532 453 2574 illo
486 2534 719 2586 quicquam
753 2547 890 2586 neque
923 2547 1087 2575 emeres
1121 2549 1258 2589 neque
1291 2537 1515 2587 uendereS,
1544 2549 1608 2582 135

231 2692 296 2725 125
319 2691 502 2726 Hemistin
531 2690 559 2724 G
657 2691 719 2725 has
746 2690 856 2725 aedes
961 2694 1024 2726 127
1050 2694 1269 2739 quaraginta
1294 2695 1329 2729 B
1433 2696 1495 2730 129
1520 2695 1605 2731 fidei

121 2747 178 2792 ¹3¹
206 2752 350 2782 secutus
469 2749 531 2782 132
556 2747 709 2782 hominu
737 2747 765 2782 C
878 2756 898 2782 a
923 2750 1001 2792 poti
1026 2760 1127 2785 corr.
1155 2752 1287 2796 impoti
1312 2752 1365 2796 Β,
1400 2754 1553 2799 iampoti
1581 2754 1610 2789 C

121 2802 183 2838 183
206 2803 394 2849 ignauiam
491 2807 553 2840 134
579 2808 771 2849 argentum
798 2804 952 2839 reddere
980 2805 1010 2841 C
