2009 3218
867 215 896 246 v
934 215 1125 250 734—767.
1655 218 1736 257 653

242 356 277 381 v.
305 343 355 380 ad
378 343 486 380 Asin.
518 342 608 380 163.
638 361 687 367 -
722 343 816 388 758,
850 344 895 380 cf.
921 343 969 380 ad
994 343 1110 381 Poen.
1138 344 1231 381 683.
1280 343 1336 380 De
1362 343 1576 380 indicativo
1607 341 1736 382 caedis

240 424 275 448 v.
294 410 344 448 ad
361 409 480 447 Mero.
501 410 594 455 544,
620 410 667 447 cf.
687 410 736 448 ad
756 410 872 447 Most.
894 411 987 448 870.
1020 411 1104 449 Mil.
1126 412 1205 448 606
1222 424 1279 460 sq.
1304 430 1359 436 —
1387 412 1481 448 759.
1508 406 1577 449 De
1592 407 1735 457 nihilo,

242 477 349 515 nulla.
389 476 436 514 de
477 490 614 524 causa,
662 492 697 516 v.
731 477 779 515 ad
810 476 923 515 Curc.
957 479 1060 525 4773
1108 479 1176 516 sed
1207 479 1391 516 Plautum
1430 478 1503 516 hoc
1534 480 1737 529 scripsisse

242 558 318 583 non
349 544 480 582 credo.
517 564 560 569 —
604 541 712 583 nihil
743 546 825 592 est,
865 545 1012 583 nullam
1047 548 1236 584 rationem
1269 546 1406 592 habet,
1440 560 1475 584 v.
1509 547 1610 584 infra
1643 547 1736 585 841.

243 613 292 651 ad
321 613 431 650 Asin.
466 613 560 651 424.
606 633 651 639 —
697 614 775 651 760
818 626 889 651 em.
922 614 981 650 ed.
1022 626 1080 664 pr.
1121 633 1175 640 —
1218 615 1410 652 761—62
1453 627 1634 652 versuum
1675 628 1737 653 or·

243 682 372 719 dinem
412 682 591 719 restituit
629 680 786 719 Gruter.
862 676 1040 729 adfinis,
1086 695 1173 719 nam
1216 683 1299 720 eius
1340 681 1422 720 filia
1460 683 1496 718 ei
1542 681 1736 732 desponsa

242 750 386 798 fuerat,
416 763 453 787 v.
488 750 589 796 8153
629 749 675 786 cf.
708 748 796 786 Aul.
831 750 925 788 465.
966 769 1021 774 —
1062 750 1156 787 762.
1197 749 1293 787 Post
1323 748 1564 789 tonstricem
1596 751 1736 795 hiatus,

243 819 352 856 cuius
398 817 548 855 vitandi
594 830 710 855 causa
756 817 821 867 Sp.
865 818 996 865 „illam
1041 815 1311 864 tonstricem“,
1359 818 1445 856 Sch.
1492 831 1646 865 „eccam
1679 816 1734 856 t.“

241 886 504 936 scripserunt,
552 888 737 922 neutrum
769 891 872 936 apte.
948 885 1005 923 De
1046 886 1238 924 tonstrice
1279 898 1315 923 v.
1350 886 1397 923 ad
1430 887 1524 924 402.
1560 906 1611 911 —
1645 887 1737 924 763.

244 949 465 1001 Pertimm',
496 952 542 991 cf.
574 952 676 991 Rud.
711 955 804 991 229.
876 953 1088 1004 Postquam
1119 967 1238 991 unum
1271 955 1306 991 ei
1337 954 1437 991 male
1468 956 1614 1001 evenit,
1647 955 1670 991 i.
1704 967 1736 991 e.

242 1026 450 1073 postquam
483 1021 744 1059 Phronesium
777 1035 860 1059 eum
892 1022 1072 1068 exclusit,
1103 1023 1221 1059 timet
1244 1035 1303 1059 ne·
1318 1022 1469 1071 reliqua
1494 1024 1613 1059 etiam
1640 1022 1739 1059 male

242 1089 471 1140 procedant.

361 1159 453 1196 765.
502 1157 682 1196 Callicles
720 1171 836 1196 senex
875 1160 956 1196 exit
995 1171 1081 1195 cum
1121 1157 1271 1195 duabus
1311 1157 1462 1196 ancillis
1501 1164 1541 1195 et
1571 1158 1738 1205 lorariis,

246 1227 314 1276 qui
344 1239 409 1264 eas
439 1239 566 1277 nuper
596 1230 800 1264 torserunt-
829 1230 869 1263 et
896 1228 1015 1263 etiam
1047 1239 1149 1263 nunc
1179 1227 1330 1263 vinctas
1361 1225 1506 1263 habent
1538 1223 1590 1274 (v.
1625 1223 1738 1275 827).

244 1294 351 1333 Duas
381 1295 502 1332 fuisse
533 1299 701 1345 apparet
732 1308 779 1332 ex
806 1309 839 1332 v.
863 1296 963 1341 762;
995 1307 1127 1331 earum
1151 1293 1335 1332 Schoellii
1366 1294 1545 1344 exemplo
1577 1295 1740 1332 alteram

243 1359 505 1402 Archilinem
550 1363 780 1413 appellabo,
830 1363 996 1401 alteram
1035 1362 1208 1400 Calliclis
1255 1362 1487 1411 simpliciter
1532 1359 1740 1401 ancillam.

244 1430 337 1470 cod.
371 1431 402 1469 B
443 1433 484 1469 in
522 1431 595 1468 hac
634 1444 751 1469 scena
791 1432 1001 1481 aliquoties
1033 1431 1188 1469 Graecas
1226 1442 1482 1481 personarum
1515 1435 1628 1468 notas
1658 1444 1741 1468 ser·

245 1500 374 1547 vavit,
421 1513 539 1550 quum
572 1498 601 1536 C
639 1512 762 1537 vacua
800 1501 929 1550 spatia
969 1499 1191 1549 reliquerit.
1266 1498 1295 1535 B
1327 1497 1498 1536 Calliclis
1538 1503 1632 1535 nota
1671 1503 1741 1546 est,

245 1568 320 1604 nisi
350 1567 457 1617 quod
491 1569 568 1605 781
604 1571 644 1606 et
675 1569 754 1606 806
788 1581 923 1606 errore
954 1570 988 1605 A
1019 1569 1210 1617 scriptum
1241 1571 1320 1613 est3
1353 1566 1387 1603 A
1418 1565 1620 1604 Diniarchi
1649 1568 1741 1606 775.

248 1636 340 1684 784,
375 1636 468 1683 813,
505 1637 568 1682 16,
602 1637 667 1682 24,
701 1637 765 1674 30.
826 1636 1069 1674 Ancillarum
1099 1640 1202 1672 notae
1240 1639 1332 1672 sunt
1360 1634 1387 1669 8
1421 1637 1461 1672 et
1494 1640 1543 1681 Θ,
1585 1635 1655 1672 sed
1685 1635 1743 1672 hae

245 1717 385 1754 pamm
417 1707 646 1742 constanter
677 1708 891 1754 ponuntur.
965 1706 991 1740 6
1027 1703 1169 1741 ancilla
1207 1707 1265 1740 est
1297 1703 1502 1741 Phronesii
1536 1703 1634 1749 781,
1678 1703 1743 1750 89,

248 1773 312 1819 94,
344 1771 413 1810 sed
438 1773 516 1810 779
543 1771 736 1818 Calliclis3
779 1777 809 1809 Θ
841 1771 1011 1810 Calliclis
1039 1772 1130 1819 780,
1158 1772 1250 1818 786,
1277 1772 1370 1817 791,
1399 1772 1493 1815 800,
1522 1775 1556 1817 5,
1587 1772 1649 1816 12,
1677 1771 1741 1817 26,

246 1840 451 1879 Phronesii
477 1841 570 1886 787,
598 1842 663 1879 94.
726 1841 864 1886 Semel,
899 1855 933 1878 v.
962 1841 1054 1887 790,
1081 1839 1283 1876 Phronesii
1315 1839 1458 1877 ancilla
1490 1840 1566 1876 alia
1598 1844 1691 1877 nota
1715 1845 1747 1875 Γ

247 1908 502 1959 significatur,
546 1908 649 1959 quod
682 1910 744 1946 cui
775 1910 900 1946 errori
933 1908 1122 1945 debeatur
1153 1920 1231 1944 non
1262 1907 1441 1955 dixerim,
1473 1907 1540 1945 sed
1573 1914 1679 1944 errat
1712 1908 1744 1944 si

248 1978 336 2027 quis
377 1990 464 2014 cum
495 1977 654 2015 Loewio
685 1976 800 2015 Anal.
833 1977 964 2014 Plaut.
995 1990 1034 2026 p.
1073 1977 1149 2014 186
1183 1980 1282 2022 tres,
1330 1988 1407 2013 non
1446 1974 1543 2013 duas
1583 1975 1744 2012 ancillas

247 2045 310 2083 hic
341 2045 513 2083 discerni
545 2050 673 2096 putat.

362 2113 541 2151 Callicles
587 2113 748 2151 ancillas
795 2126 858 2159 ea,
912 2125 999 2162 quae
1052 2113 1263 2150 tormentis
1309 2115 1454 2149 coactae
1499 2111 1610 2149 fassae
1654 2112 1747 2158 sint,

249 2182 391 2219 iterum
423 2183 505 2220 sine
537 2182 746 2219 tormentis
778 2186 959 2231 repetere
990 2180 1089 2218 vult.
1159 2179 1205 2217 In
1235 2179 1406 2217 medium
1436 2192 1656 2217 sermonem
1686 2192 1745 2216 ra-

248 2252 412 2300 piuntur
442 2253 685 2300 spectatores
714 2253 760 2286 ut
784 2248 905 2286 Mero.
935 2250 1028 2286 945.
1091 2248 1254 2285 Ancillae
1285 2248 1461 2286 convicia
1491 2252 1530 2285 et
1560 2239 1746 2285 duritiam

251 2319 335 2356 eius
365 2332 406 2356 se
436 2320 574 2356 timere
606 2317 813 2363 dixerunt3
847 2317 912 2355 ille
943 2317 1092 2354 ironice
1116 2320 1236 2366 negat
1259 2329 1300 2354 se
1327 2317 1374 2353 iis
1401 2319 1469 2353 aut
1493 2316 1593 2353 male
1617 2316 1746 2354 dicere

251 2389 320 2424 aut
349 2387 450 2424 male
482 2386 604 2434 velle3
642 2389 849 2435 utramque
881 2384 1119 2433 alloquitur,
1160 2384 1227 2422 sed
1260 2382 1514 2434 singillatim,
1563 2379 1640 2421 tibi
1675 2378 1768 2421 aut*

252 2448 325 2491 tibi
362 2453 410 2493 ef.
444 2455 538 2492 828.
586 2453 635 2492 ad
675 2453 789 2504 capt.
822 2454 915 2491 446.
963 2471 1019 2477 —
1063 2452 1140 2490 Pro
1179 2455 1365 2502 corrupto
1407 2452 1481 2498 „ad
1521 2449 1581 2488 te“
1625 2451 1747 2501 atque

251 2522 404 2572 scripsi.
478 2522 526 2560 ut
553 2518 720 2560 animus
749 2522 885 2559 meust
924 2533 1010 2558 cum
1050 2519 1368 2557 antecedentibus
1398 2521 1528 2566 iunxi,
1568 2532 1665 2565 non,
1706 2523 1748 2556 ut

252 2590 371 2638 vulgo
415 2590 586 2636 faciunt,
633 2602 720 2627 cum
764 2588 1034 2638 sequentibus.
1118 2587 1284 2636 Quaerit,
1331 2601 1423 2625 num
1470 2587 1587 2625 aliter
1632 2587 1770 2635 agere'

252 2659 399 2708 possit,
440 2659 508 2708 qui
545 2662 702 2696 tantum
735 2656 910 2696 dolorem
948 2656 1182 2706 perceperit.
1213 2675 1269 2682 -—
1302 2656 1394 2693 766.
1427 2654 1617 2703 expertae
1648 2651 1748 2693 estis

253 2726 313 2764 ed.
345 2739 404 2777 pr.
465 2724 546 2764 sim
574 2721 695 2763 mitis
726 2719 1058 2774 tranquillusque
1088 2722 1192 2761 Cam.
1232 2710 1287 2748 '—
1327 2725 1421 2761 767.
1462 2718 1603 2761 ambas
1633 2721 1746 2760 Grut.

254 2790 495 2833 uerberatas
541 2794 630 2844 Sp..
685 2792 816 2831 Guiet.
867 2788 1160 2842 „uapulantis“.
1244 2790 1566 2828 Verberabantur
1619 2795 1748 2828 autem
