2009 3218
148 205 196 249 Π,
219 204 251 245 2,
276 202 409 239 31-47
765 200 1011 236 Trinummun.
1551 202 1629 242 271

147 330 227 381 Qui
259 329 446 370 animum
478 327 667 375 uincunt,
699 340 829 379 quam
861 340 971 380 quos
996 328 1178 376 animus,
1210 341 1380 380 semper
1405 326 1632 379 probiores

1093 399 1250 440 cluent.

750 476 1022 531 Lysiteles

145 552 286 595 Istaec
316 563 394 603 ego
426 549 530 591 mihi
563 563 734 603 semper
763 548 897 590 habui
928 550 1065 591 aetati
1096 550 1437 603 integumentum
1472 564 1605 599 meae,

145 609 229 666 Ne·
255 627 521 678 penetrarem
568 635 635 662 me
681 635 887 675 usquam,
944 621 1018 662 ubi
1075 626 1191 663 esset
1237 621 1382 663 damni
1430 621 1634 663 concilia-

1094 693 1255 743 bulum,
1569 706 1634 738 315

144 767 237 809 Neu
268 771 397 808 noctu
429 767 535 807 irem
568 765 895 806 obambulatum
927 779 1009 806 neu
1042 779 1168 807 suum
1199 765 1434 807 adimerem
1465 765 1604 806 alteri.

145 839 207 882 Ne
237 838 565 891 aegritudinem,
599 842 734 891 pater,
766 837 847 878 tibi
880 851 1090 891 parerem,
1123 838 1241 892 parsi
1273 837 1444 888 sedulo,

143 910 272 954 Sarta
300 915 418 952 tecta
448 915 526 951 tua
557 914 791 963 praecepta
823 923 959 963 usque
991 909 1127 951 habui
1158 923 1254 952 mea
1284 909 1512 951 modestia.

795 988 982 1031 Philto

146 1062 256 1112 Quid
287 1061 522 1116 exprobras
554 1061 663 1103 bene
695 1061 810 1114 quod
843 1061 1014 1103 fecisti?
1073 1060 1171 1103 Tibi
1202 1062 1358 1111 fecisti,
1392 1076 1475 1104 non
1509 1061 1635 1113 mihi3

145 1134 249 1176 Mihi
282 1134 455 1188 quidem
489 1139 612 1176 aetas
638 1138 736 1175 acta
759 1138 828 1174 est
850 1133 998 1183 ferme,
1030 1139 1106 1175 tua
1131 1135 1243 1175 istuc
1266 1134 1402 1175 refert
1426 1148 1635 1176 maxume.

143 1206 184 1248 Is
198 1206 392 1260 probust,
410 1219 537 1260 quem
556 1207 761 1260 paenitet,
791 1220 921 1260 quam
946 1206 1107 1259 probus
1127 1207 1183 1248 sit
1201 1211 1244 1247 et
1260 1205 1372 1259 frugi
1389 1206 1541 1247 bonae.
1571 1218 1633 1250 321

146 1277 227 1329 Qui
258 1279 376 1332 ipsus
408 1277 491 1319 sibi
524 1278 632 1319 satis
665 1277 820 1331 placet,
852 1291 932 1319 nec
957 1277 1120 1331 probus
1144 1283 1210 1318 est
1232 1291 1311 1318 nec
1337 1278 1450 1331 frugi
1477 1278 1635 1329 bonae3

145 1348 226 1400 Qui
257 1350 378 1404 ipsus
408 1363 453 1391 se
485 1350 765 1403 contempnit,
797 1350 839 1390 in
872 1363 922 1390 eo
953 1355 1019 1391 est
1049 1350 1217 1392 indoles
1248 1350 1500 1392 industriae.

144 1421 258 1464 Bene
288 1421 404 1464 facta
434 1421 543 1463 bene
575 1421 702 1463 factis
734 1421 830 1462 aliis
862 1423 1089 1475 pertegito,
1121 1437 1174 1464 ne
1206 1422 1448 1477 perpluant.

758 1501 1031 1555 Lysiteles

152 1571 216 1614 Ob
247 1586 341 1614 eam
372 1587 462 1615 rem
494 1573 614 1618 haec,
646 1579 782 1627 pater,
817 1574 1054 1622 autumaui,
1095 1575 1197 1628 quia
1227 1587 1296 1615 res
1321 1574 1535 1628 quaedam
1565 1580 1641 1625 est,

1100 1660 1231 1700 quam
1263 1646 1363 1688 uolo
1575 1658 1641 1691 325

153 1715 242 1770 Ego
273 1731 340 1758 me
372 1716 451 1758 abs
484 1722 526 1758 te
559 1731 752 1758 exorare.

803 1796 986 1838 Philto

683 1868 796 1918 Quid
827 1869 869 1909 id
903 1869 999 1910 est‘?
1032 1868 1135 1910 dare
1167 1870 1251 1910 iam
1283 1871 1455 1912 ueniam
1487 1871 1639 1923 gestio.

760 1948 1031 2003 Lysiteles

154 2018 429 2061 Adulescenti
459 2020 559 2061 hinc
589 2034 744 2074 genere
777 2034 956 2071 summo,
996 2021 1135 2061 amico
1168 2025 1300 2076 atque
1331 2022 1503 2075 aequali
1535 2036 1641 2073 meo,

152 2089 294 2133 Minus
325 2091 397 2146 qui
428 2097 554 2133 caute
587 2097 631 2133 et
661 2093 849 2145 cogitate
882 2105 1005 2134 suam
1038 2106 1127 2134 rem
1159 2094 1380 2145 tractauit,
1415 2100 1551 2148 pater,

154 2161 268 2206 Bene
301 2163 398 2205 uolo
431 2177 508 2218 ego
540 2164 603 2205 illi
636 2164 791 2215 facere,
826 2165 861 2206 si
894 2168 941 2206 tu
973 2178 1057 2206 non
1089 2166 1225 2207 neuis.

804 2243 983 2285 Philto

832 2342 836 2346 .
1257 2302 1421 2356 Nempe
1453 2303 1507 2344 de
1537 2304 1644 2346 tuo?

266 2437 332 2470 313
356 2448 464 2481 quam
490 2437 550 2482 qui
577 2437 719 2472 animos
735 2436 766 2469 A
839 2436 996 2470 cluentis
1022 2435 1091 2470 BC
1151 2438 1218 2471 314
1241 2437 1324 2472 istae
1344 2437 1381 2472 Β
1450 2442 1640 2484 tegumen-

158 2494 235 2526 tum
247 2491 317 2528 BC
382 2495 449 2528 315
473 2500 514 2529 ee
529 2493 564 2528 B
635 2493 950 2527 conciliitabulum
966 2492 1010 2535 A,
1037 2493 1322 2528 conciliabolum
1334 2494 1405 2530 BG
1471 2496 1537 2529 316
1561 2494 1644 2529 Nei-

157 2553 270 2583 noctu
283 2548 329 2589 B,
355 2561 399 2584 ne
414 2554 527 2585 noctu
543 2551 572 2585 C
639 2552 705 2584 317
732 2549 810 2583 Neu
883 2561 1011 2593 parere
1027 2550 1055 2583 Ο
1123 2552 1190 2584 320
1215 2555 1298 2586 acta
1312 2552 1340 2585 si
1356 2550 1428 2585 fert
1442 2556 1566 2586 metua
1580 2551 1647 2587 BC

226 2606 442 2641 maximaeB
511 2608 572 2641 321
597 2614 624 2640 A
643 2605 724 2639 lsB
795 2606 932 2649 probus
963 2609 1019 2640 est
1088 2618 1163 2641 non
1179 2608 1320 2651 penitet
1334 2608 1403 2643 ΒΟ
1470 2609 1566 2642 bone
1580 2609 1650 2644 BG

158 2662 224 2696 822
247 2673 311 2697 om
337 2663 366 2698 Ο
444 2663 558 2705 ipsius
583 2663 618 2697 B
699 2663 794 2695 bone
821 2661 856 2696 B
937 2664 1003 2697 323
1029 2667 1110 2698 eost
1136 2663 1204 2698 BC
1287 2666 1353 2699 325
1379 2666 1555 2709 quaedant
1581 2666 1650 2701 BC

158 2719 224 2754 326
247 2726 306 2755 ate
328 2720 360 2754 A
442 2721 586 2754 ueniam
613 2720 698 2753 dare
727 2720 797 2753 iam
825 2718 869 2762 B,
895 2719 1039 2754 ueniam
1065 2720 1136 2754 iam
1163 2721 1251 2756 dare
1279 2721 1307 2756 C
1386 2723 1453 2756 327
1478 2722 1563 2758 huic

161 2776 280 2820 squali
304 2776 340 2811 Β
431 2778 498 2811 329
522 2788 592 2821 ego
618 2788 681 2811 om.
709 2777 740 2809 A
812 2776 884 2809 nisi
909 2779 949 2810 tu
973 2787 1048 2810 non
1073 2777 1130 2811 uis
1155 2777 1188 2811 A
1259 2789 1352 2822 nepe
1377 2778 1446 2814 BG
