2009 3218
328 212 407 251 356
1011 207 1130 243 Plauti
1564 208 1612 247 11,
1640 210 1672 251 2,
1696 210 1806 252 7-17

908 334 943 374 A
954 349 973 375 s
984 338 1003 375 t
1013 348 1038 375 a
1049 349 1073 388 p
1085 333 1112 375 h
1123 335 1135 375 i
1146 348 1173 374 u
1187 349 1224 375 m

328 405 556 459 Conprime
585 405 642 446 sis
672 405 792 446 iram.

911 494 1217 548 Stratyllax

642 565 733 608 Iam
765 565 938 620 quidem
969 565 1124 616 hercle,
1155 570 1204 606 tu
1237 579 1345 619 quae
1378 565 1540 607 solita’s
1561 567 1808 630 comprimi,

328 638 546 693 Inpudens
578 652 688 692 quae
720 652 795 692 per
826 637 1055 679 ridiculum
1085 638 1247 679 rustico
1280 637 1437 679 suades
1471 641 1676 692 stuprum.
1743 650 1809 684 260

916 738 1227 793 Astaphium

328 813 441 855 Iram
474 812 575 855 dixi.
636 811 695 853 Ut
725 815 772 852 tu
806 812 1022 865 accepisti,
1054 810 1281 864 dempsisti
1312 824 1440 852 unam
1470 810 1671 851 litteram.

330 885 467 926 Nimis
499 884 671 939 quidem
702 883 772 924 hic
803 883 1107 924 truculentust.

917 984 1223 1038 Stratyllax

1023 1057 1174 1109 Pergin
1207 1055 1316 1097 male
1348 1055 1464 1109 loqui
1496 1055 1646 1096 mulier
1677 1054 1810 1096 mihi?

915 1160 949 1199 A
961 1173 979 1199 s
991 1164 1008 1199 t
1019 1172 1044 1199 a
1056 1173 1080 1211 p
1091 1158 1118 1199 h
1130 1159 1139 1197 i
1152 1172 1179 1198 u
1192 1172 1230 1198 111

333 1229 445 1280 Quid
477 1230 555 1273 tibi
588 1230 797 1272 maledico
808 1231 827 1270 ἶ)

921 1320 1224 1373 Stratyllax

797 1391 907 1441 Quia
938 1393 1048 1433 enim
1082 1406 1147 1432 me
1178 1398 1377 1432 truncum
1409 1391 1572 1433 lentum
1602 1391 1810 1433 nominas.

332 1464 459 1505 Nunc
491 1463 599 1505 adeo
631 1464 710 1505 nisi
743 1463 836 1504 abis
870 1467 1062 1505 actutum
1096 1467 1171 1504 aut
1203 1464 1308 1505 dicis
1341 1477 1468 1517 quem
1500 1476 1686 1517 quaeras
1713 1463 1811 1513 cito,

332 1535 422 1577 Iam
454 1535 598 1577 hercle
630 1547 707 1587 ego
739 1535 807 1577 hic
837 1539 892 1587 te,
936 1535 1100 1586 mulier,
1139 1537 1263 1588 quasi
1303 1550 1375 1577 sus
1417 1535 1584 1577 catulos
1631 1533 1813 1589 pedibus

1277 1611 1506 1660 proteram.
1748 1617 1814 1650 265

914 1701 1229 1755 Astaphium

332 1773 420 1814 Rus
453 1786 615 1814 merum
647 1773 729 1814 hoc
760 1773 934 1826 quidem
966 1781 1043 1815 est.

925 1875 1225 1929 Stratyllax

932 1947 1184 1989 Pudendum
1217 1951 1260 1988 et
1290 1960 1394 1988 uero
1427 1946 1640 1988 clurinum
1670 1957 1812 2000 pecus,

329 2018 554 2060 Aduenisti
586 2018 669 2059 huc
701 2023 743 2060 te
775 2023 1038 2061 ostentatum
1072 2032 1168 2060 cum
1201 2019 1421 2060 exornatis
1453 2018 1639 2070 ossibus,

331 2090 439 2140 Quia
469 2089 548 2132 tibi
581 2104 710 2133 suaso
744 2090 929 2132 infecisti
963 2091 1227 2145 propudiosa
1258 2090 1500 2145 pallulam?

333 2161 415 2215 [An
448 2176 496 2204 eo
529 2161 641 2203 bella
673 2177 728 2213 eS,
763 2163 862 2216 quia
892 2163 1100 2216 accepisti
1132 2162 1322 2204 armillas
1356 2161 1558 2215 aeneas?]

444 2322 508 2354 259
534 2321 581 2354 sis
607 2320 696 2354 iram
721 2319 765 2363 :iss
791 2332 869 2355 eam
896 2322 938 2364 A,
965 2333 1072 2365 spero
1099 2333 1215 2355 ineam
1241 2320 1308 2356 BC
1394 2324 1476 2365 tuq3
1503 2320 1628 2356 solitas
1712 2329 1811 2354 com-

332 2377 448 2421 prime
463 2377 506 2419 A,
533 2378 753 2421 comprimas
768 2377 835 2413 BG
921 2380 988 2412 260
1013 2378 1220 2422 Inprudens
1246 2389 1312 2422 per
1336 2377 1531 2412 ridiculum
1557 2380 1598 2411 ut
1611 2376 1740 2411 suadet
1751 2374 1816 2409 BC

332 2435 392 2467 261
421 2438 456 2467 to
483 2433 657 2477 decepisti
686 2436 729 2476 A,
757 2447 833 2469 esse
860 2435 987 2480 cepisti
1015 2434 1081 2469 BG
1159 2434 1273 2470 sidem
1301 2435 1414 2469 sistun
1443 2435 1593 2469 alteram
1620 2433 1663 2477 B,
1688 2431 1759 2467 fide
1784 2431 1813 2465 si

333 2494 388 2524 est
413 2502 485 2523 una
511 2490 625 2524 altera
642 2490 670 2525 Ο
749 2494 813 2525 262
838 2491 897 2527 hic
923 2492 1069 2536 quidem
1084 2491 1151 2527 BG
1228 2492 1315 2526 mihi
1343 2503 1380 2525 es
1405 2491 1474 2526 Bc
1561 2491 1626 2524 263
1650 2489 1718 2524 tibi
1743 2499 1812 2533 ego

424 2551 486 2580 aut
512 2547 655 2581 medico
682 2547 750 2583 BC
834 2549 1079 2584 truculentum
1106 2549 1272 2583 nomines
1298 2548 1365 2583 BC
1440 2550 1505 2582 264
1531 2559 1571 2582 ac
1597 2546 1687 2581 dicis
1712 2544 1814 2589 quid-

334 2614 403 2647 que
430 2614 488 2636 ras
515 2603 607 2637 scito
633 2604 699 2638 Bt)
767 2608 831 2639 265
859 2607 960 2650 quasi
989 2617 1048 2640 sus
1075 2606 1217 2640 catulos
1243 2606 1372 2639 mulier
1397 2606 1429 2638 A
1512 2606 1577 2638 266
1603 2602 1812 2648 pudendum

333 2668 389 2697 ent
418 2675 504 2697 uero
525 2664 557 2697 A
673 2663 737 2694 267
762 2662 832 2696 huc
853 2664 1086 2697 sistontatum
1111 2663 1298 2697 exornatis
1319 2662 1388 2697 BG
1499 2662 1565 2696 268
1590 2671 1739 2694 resuasu
1751 2657 1818 2693 BG

423 2719 607 2762 palliuiam
633 2719 698 2753 BG
789 2721 853 2753 269
880 2720 974 2753 della
1000 2720 1026 2753 C
1119 2724 1173 2753 est
1198 2718 1267 2754 BC
1355 2719 1483 2762 quiae.
1499 2716 1647 2762 epistibi
1671 2715 1714 2759 A,
1741 2714 1814 2759 qui·

333 2776 507 2819 accepisti
533 2775 600 2809 ΒΟ
666 2775 825 2809 armilias
853 2776 895 2816 A,
923 2787 1021 2810 arme
1048 2775 1092 2818 B,
1120 2787 1222 2810 arma
1248 2774 1276 2809 C
1343 2775 1516 2810 aducnias
1542 2772 1610 2808 BG

1975 490 1982 557 *-
