2009 3218
301 217 379 254 174
982 210 1102 245 Plauti
1515 211 1558 253 V,
1586 213 1615 255 1,
1642 213 1741 254 1—2„
1760 212 1787 250 Β

902 380 1179 422 LABRAX.

298 494 403 544 Quis
434 508 501 536 me
532 498 598 536 est
627 482 827 536 mortalis
858 494 1054 535 miserior
1086 494 1157 546 qui
1191 494 1315 535 uiuat
1346 492 1457 534 alter
1487 492 1630 543 hodie,
1700 515 1704 518 ·

297 566 434 616 Quem
465 565 520 607 ad
550 570 882 619 recuperatores
914 564 1043 606 modo
1080 564 1304 606 damnauit
1334 563 1641 618 Plesidippus?

299 637 556 679 Abiudicata
586 651 612 679 a
643 651 710 678 me
740 636 868 678 modo
899 642 964 678 est
995 635 1239 688 Palaestra3
1270 635 1466 689 perditus
1499 624 1605 677 sum.
1703 647 1790 681 1270

296 709 403 750 Nam
434 708 611 751 lenones
642 723 695 751 ex
725 708 885 761 gaudio
917 707 1046 749 credo
1079 721 1174 749 esse
1206 706 1478 761 procreat0s3

296 780 365 821 Ita
395 794 543 822 omnes
577 779 795 829 mortales,
828 780 864 821 si
896 779 1000 833 quid
1032 785 1097 819 est
1127 778 1229 819 mali
1259 779 1416 830 lenoni,
1449 779 1654 831 gaudent.

297 852 420 893 Nunc
460 852 643 894 alteram
681 851 802 894 illam
841 864 953 905 quae
993 864 1086 891 mea
1125 854 1192 892 est
1229 851 1365 892 uisam
1406 849 1490 892 huc
1530 852 1573 891 in
1612 849 1790 892 Ueneris

1250 921 1410 970 fanum,
1505 923 1511 927 ’

299 995 461 1037 Saltem
493 999 542 1036 ut
574 1009 669 1037 eam
700 994 929 1043 abducam,
963 994 1016 1034 de
1040 993 1165 1035 bonis
1191 993 1308 1047 quod
1332 997 1470 1036 restat
1493 993 1788 1046 reliquiarum.

765 1208 1005 1252 GRIPUS.
1067 1208 1279 1250 LABRA
1286 1209 1342 1250 X.

943 1322 1147 1374 Gripus

298 1396 545 1450 Numquam
582 1395 739 1449 edepol
777 1394 907 1437 hodie
953 1395 1008 1436 ad
1053 1408 1283 1448 uesperum
1325 1393 1507 1448 Gripum
1553 1396 1792 1448 inspicietis

1247 1467 1406 1517 uiuom,
1703 1477 1790 1512 1275

298 1524 392 1565 Nisi
424 1523 596 1565 nidulus
628 1524 732 1565 mihi
763 1524 973 1566 redditur.

941 1601 1147 1644 Labrax

1027 1674 1164 1725 Perii3
1197 1688 1328 1728 quom
1358 1675 1622 1717 mentionem

297 1748 409 1789 Fieri
442 1747 570 1788 audio
601 1760 788 1800 usquam
821 1745 972 1796 uiduli,
1003 1747 1130 1799 quasi
1163 1745 1261 1800 palo
1293 1749 1445 1800 pectus
1475 1746 1647 1788 tundor.

945 1835 1143 1888 Gripus

297 1910 401 1951 Istic
431 1910 640 1951 scelestus
673 1908 789 1957 liber
816 1913 904 1960 est3
937 1922 1014 1961 ego
1047 1908 1121 1962 qui
1153 1909 1195 1948 in
1229 1909 1336 1949 mari
1370 1908 1578 1961 prehendi

299 1982 404 2023 Rete
437 1986 568 2035 atque
600 1982 749 2034 excepi
780 1980 988 2029 nidulum,
1021 1981 1058 2020 ei
1092 1980 1195 2020 dare
1226 1981 1393 2032 negatis
1425 1981 1668 2034 quicquam.

943 2070 1155 2112 Labrax

298 2144 380 2185 Pro
413 2143 456 2184 di
482 2143 763 2191 immortales,
797 2157 872 2184 suo
898 2142 1001 2184 mihi
1030 2143 1098 2184 hic
1123 2157 1320 2184 sermone
1347 2142 1517 2184 adrexit
1541 2143 1669 2184 auris.
1705 2153 1792 2187 1280

946 2232 1144 2285 Gripus

297 2305 500 2348 Cubitum
534 2305 675 2346 hercle
707 2305 848 2358 longis
880 2305 1040 2346 litteris
1075 2306 1256 2358 signabo
1290 2307 1375 2346 iam
1407 2318 1732 2358 usquequaque,

299 2380 339 2419 Si
375 2378 471 2431 quis
506 2376 746 2431 perdiderit
776 2377 970 2418 uidulum
1003 2390 1099 2418 cum
1132 2391 1238 2418 auro
1270 2380 1403 2430 atque
1436 2380 1615 2429 argento
1641 2375 1788 2426 multo,

300 2449 359 2491 Ad
396 2449 575 2502 Gripum
606 2453 654 2490 ut
684 2451 844 2490 ueniat.
870 2479 872 2481 -
906 2448 1003 2490 Non
1034 2449 1184 2490 feretis
1216 2449 1359 2497 istum,
1392 2454 1438 2489 ut
1468 2447 1717 2501 postulatis.

439 2608 524 2641 1268
548 2606 756 2640 mortalium
851 2607 938 2642 1269
963 2606 1180 2651 dampnauit
1204 2606 1459 2650 pleusidippus
1486 2606 1515 2640 (J
1598 2606 1681 2639 1271
1707 2615 1791 2649 pro·

297 2668 485 2699 creatores
510 2661 546 2697 B
644 2664 730 2696 1274
754 2666 846 2707 quot
947 2664 1033 2698 1275
1058 2675 1153 2698 .unc
1179 2674 1287 2708 quam
1313 2662 1348 2697 Β
1449 2664 1534 2697 1276
1559 2661 1737 2696 reddatur
1762 2659 1792 2696 C

398 2720 477 2764 peri
563 2721 648 2754 1277
674 2719 809 2754 tundat
893 2720 978 2754 1279
1004 2719 1116 2755 Recte
1141 2720 1260 2765 adque
1286 2719 1315 2754 G
1385 2720 1418 2754 ei
1444 2719 1546 2753 darei
1626 2719 1714 2753 1280
1738 2717 1788 2751 dii

390 2776 479 2810 mihi
506 2786 571 2811 om.
599 2775 627 2811 C
694 2775 698 2782 “
721 2777 803 2810 1281
832 2777 904 2811 iam
931 2787 995 2810 om.
1025 2776 1052 2811 O
1148 2778 1233 2812 1283
1259 2776 1434 2821 Agripum
1461 2775 1508 2819 Β,
1533 2775 1741 2820 Agrippum
1763 2772 1792 2808 0
