2009 3218
345 201 426 239 406
1019 199 1137 233 Plauti
1619 201 1660 246 V,
1686 203 1823 237 32⁸-42

903 322 1255 366 Phronesium

346 395 425 436 Uin
460 399 501 435 te
534 394 770 448 amplectar
801 399 844 435 et
875 395 1041 436 sanium
1075 396 1199 436 dem?

968 495 1200 538 Strabax

1144 568 1324 618 Quiduis
1355 570 1462 622 face,
1496 571 1568 622 qui
1596 563 1820 624 gaudeam.

885 670 1276 725 Stratophanes

344 739 520 782 Meosne
551 745 650 782 ante
682 741 829 784 oculos
862 757 940 794 ego
971 743 1087 783 illam
1121 744 1263 796 patiar
1289 742 1397 784 alios
1421 743 1732 797 amplexarier?
1758 757 1824 790 915

347 812 561 853 Mortuum
603 813 747 855 hercle
788 829 852 856 me
898 815 1020 856 hodie
1067 815 1214 856 satius.
1290 814 1468 856 Abstine
1513 815 1612 867 hoc,
1659 817 1824 868 mulier,

1285 899 1468 938 manum,

345 954 437 995 Nisi
469 956 502 996 si
535 960 576 996 te
609 970 705 998 mea
736 961 931 999 actutum
963 957 1192 999 machaera
1221 962 1264 999 et
1293 958 1406 1000 hunc
1436 959 1507 1000 uis
1535 959 1677 1001 emori.

905 1059 1256 1101 Phronesium

346 1128 600 1183 Philippiari
632 1132 800 1182 satiust,
833 1131 969 1180 miles,
1003 1133 1038 1172 si
1069 1136 1111 1172 te
1143 1133 1275 1172 amari
1309 1132 1518 1185 postulas.

348 1203 471 1251 Auro,
505 1202 632 1243 haud*
654 1203 766 1243 ferro
795 1203 1014 1245 deterrere
1041 1209 1160 1256 potes
1184 1217 1248 1244 me
1271 1218 1323 1245 ne
1349 1217 1484 1244 amem
1509 1203 1627 1253 hunc,
1659 1203 1824 1246 Strato-

1288 1274 1463 1328 phanes.

885 1377 1287 1431 Stratophanes

347 1448 449 1498 Qui,
494 1448 674 1499 malum,
719 1448 878 1510 bellum
911 1453 987 1491 aut
1017 1449 1159 1491 faceta
1197 1463 1262 1500 es,
1310 1462 1420 1502 quae
1459 1463 1574 1490 ames
1612 1448 1824 1492 hominem
1894 1464 1897 1468 ’

1288 1521 1361 1561 isti
1391 1519 1538 1562 modi?
1759 1532 1826 1566 920

907 1616 1264 1658 Phronesium

347 1688 531 1730 Uenitue
556 1689 597 1728 in
624 1694 808 1729 mentem
834 1688 913 1729 tibi
944 1689 1057 1742 quod
1089 1688 1269 1730 uerbum
1294 1688 1339 1729 in
1363 1700 1497 1728 cauea
1522 1687 1627 1728 dixit
1650 1687 1823 1729 histrio:

348 1760 505 1801 Omnes
537 1760 731 1801 homines
763 1759 835 1813 qui
864 1760 918 1801 ad
951 1774 1070 1801 suum
1105 1765 1336 1814 quaestum
1368 1759 1537 1810 callent,
1567 1759 1674 1801 m'hz'l
1705 1757 1840 1802 fasti-·

1291 1832 1425 1873 diunt.

888 1925 1284 1981 Stratophanes

348 1999 541 2040 Huncine
573 1998 787 2040 hominem
818 2003 860 2040 te
885 1997 1121 2051 amplexari
1148 2002 1237 2040 tam
1261 1998 1484 2039 horridum
1508 2011 1559 2038 ac
1582 2003 1670 2043 tam
1697 2012 1824 2052 squa-

1288 2070 1442 2112 lidum!

907 2165 938 2211 P
950 2165 1077 2206 hron
1089 2179 1110 2206 e
1125 2165 1206 2206 siu
1217 2179 1257 2206 m

348 2239 616 2292 Quamquam
645 2238 713 2279 hic
737 2238 921 2291 squalet,
946 2250 1199 2291 quamquam
1223 2237 1293 2278 hic
1316 2236 1477 2287 horret,
1508 2238 1640 2278 scitus
1671 2239 1708 2278 et
1737 2235 1823 2279 bel-

1288 2308 1378 2350 lust
1410 2307 1526 2350 mihi.

461 2447 526 2479 914
546 2435 682 2480 'Uinete
764 2444 930 2479 suauium
1014 2444 1075 2488 qui
1101 2454 1165 2479 om.
1247 2445 1313 2478 915
1338 2444 1397 2478 Me
1422 2454 1535 2479 eosne
1609 2445 1676 2478 916
1700 2443 1824 2479 hercle

348 2503 467 2537 medio
572 2514 681 2536 manu
793 2503 858 2536 917
882 2512 964 2535 mea
987 2513 1096 2535 manu
1124 2502 1159 2535 ui
1186 2501 1222 2534 iu
1247 2501 1300 2543 (in
1325 2511 1389 2536 om.
1417 2500 1459 2544 G)
1483 2511 1629 2535 macera
1730 2500 1822 2535 mori
1889 2530 1894 2535 .

347 2562 414 2594 918
439 2559 698 2603 Nihilipphiari
724 2557 769 2602 B,
797 2558 1024 2601 Nihiliphlari
1053 2557 1081 2592 C'
1160 2559 1274 2592 satius
1301 2563 1319 2592 e
1400 2559 1467 2592 919
1492 2557 1620 2592 aufero
1701 2560 1824 2602 potest

347 2628 453 2651 neam
475 2621 512 2651 et
532 2619 765 2659 stratopanes
845 2617 912 2650 920
935 2616 1074 2650 eaeieta
1092 2615 1245 2658 (eatieta
1259 2614 1297 2656 0)
1319 2618 1374 2649 est
1387 2625 1457 2659 que
1539 2613 1679 2649 homini
1758 2613 1821 2648 921

349 2674 424 2708 dixi
493 2675 559 2708 922
584 2673 644 2716 qui
670 2682 736 2707 om.
808 2673 929 2706 calent
953 2675 991 2706 et
1014 2671 1211 2707 fastidiunt
1279 2672 1344 2706 923
1368 2671 1592 2716 amplexu-es
1661 2669 1760 2706 horri
1777 2669 1821 2714 B,

346 2730 503 2765 hor-dum
531 2729 559 2763 C
687 2732 833 2772 actasq3
865 2729 1002 2763 alidum
1028 2728 1074 2769 Β,
1107 2732 1217 2772 atque
1242 2727 1449 2772 squalidum
1475 2727 1505 2763 0
1635 2729 1702 2763 924
1725 2726 1823 2771 quali
1887 2775 1893 2778 .

348 2795 402 2820 est
427 2785 471 2829 Β,
499 2786 614 2830 qualis
640 2791 697 2820 est
723 2785 753 2820 0
841 2797 948 2829 quam
973 2785 1031 2819 hic
1058 2785 1228 2819 horridus
1254 2785 1346 2818 citus
1373 2784 1506 2819 bellum
1533 2785 1570 2819 hi
