2009 3218
344 206 426 245 240
1023 203 1141 238 Plauti
1537 202 1576 243 v2
1604 205 1634 247 2,
1660 204 1780 255 23-4,
1806 207 1828 239 4

943 328 1228 381 samarius

345 399 523 453 Sequor,
554 403 598 441 et
628 399 802 442 domum
832 400 1030 442 redeunti
1061 400 1320 455 principium
1352 400 1513 454 placet3

345 471 466 513 Bona
497 485 656 513 scaeua
686 475 917 525 strenaque
950 472 1004 514 ob
1035 472 1151 514 uiam
1183 471 1367 514 occessit
1398 471 1511 513 mihi.

876 736 1193 778 STEPHANI
1198 737 1295 780 UM.

343 850 500 891 Mirum
531 849 671 891 uideri
702 850 861 891 nemini
892 854 1085 892 nostrum
1116 850 1228 900 uolo,
1261 853 1544 903 spectatores,

346 921 458 972 Quid
476 934 553 973 ego
571 921 683 973 hinc,
709 935 818 975 quae
834 921 923 962 illic
947 921 1108 972 habito,
1135 935 1303 973 exeam3
1334 921 1489 962 faciam
1509 928 1586 963 uos
1605 921 1823 964 certiores.

345 993 480 1035 Domo
499 992 660 1034 dudum
678 992 761 1034 huc
777 994 988 1035 arcessita
1005 1008 1116 1045 sum3
1147 1006 1245 1035 nam
1269 993 1471 1047 quoniam
1497 994 1741 1035 nuntiatum
1759 997 1827 1034 est

344 1066 541 1119 Ipsarum
571 1069 784 1106 uenturos
815 1066 947 1115 uiros,
979 1065 1040 1106 ibi
1071 1064 1324 1107 festinamus
1355 1079 1522 1116 omnes;
1759 1075 1826 1109 676

344 1137 486 1178 Lectis
518 1136 759 1178 sternendis
791 1137 1031 1178 studuimus
1064 1136 1373 1190 munditiisque
1404 1136 1681 1190 adparandis.

344 1209 462 1250 Inter
492 1207 598 1250 illud
630 1213 775 1250 tamen
807 1209 1028 1262 negotium
1058 1209 1164 1250 meis
1196 1208 1343 1250 curaui
1376 1209 1526 1249 amicis
1567 1223 1570 1224 ⁷

346 1280 491 1322 Sticho
523 1284 566 1321 et
596 1293 804 1322 conseruo
836 1280 1044 1333 Sangario
1076 1294 1170 1322 meo
1202 1294 1308 1322 cena
1338 1285 1461 1322 cocta
1491 1284 1539 1321 ut
1570 1283 1695 1324 esset.

346 1352 517 1394 Stichus
549 1357 830 1406 opsonatust3
862 1357 1050 1394 ceteram
1082 1366 1158 1405 ego
1191 1366 1338 1393 curam
1370 1352 1473 1393 mihi
1506 1352 1719 1405 adlegaui.
1759 1363 1827 1402 680

343 1425 467 1466 Nunc
497 1423 569 1466 ibo
601 1423 701 1465 hinc
732 1428 775 1466 et
806 1425 965 1466 amicos
999 1438 1115 1466 meos
1147 1424 1309 1466 curabo
1340 1424 1410 1466 hic
1442 1425 1728 1466 aduenientis.

614 1704 943 1748 SANGARIUS.
1008 1704 1252 1747 STICHUS.
1314 1704 1553 1747 TIBICEN.

936 1819 1232 1871 Sanyarius

342 1892 467 1944 Agite
498 1892 557 1933 ite
589 1890 725 1941 foras3
765 1891 872 1932 ferte
904 1905 1117 1945 pompam.
1179 1890 1296 1932 Cado
1328 1896 1369 1932 te
1401 1890 1622 1945 praeficio,
1664 1890 1819 1932 Stiche.

344 1964 551 2005 Omnibus
567 1963 704 2004 modis
722 1967 936 2016 temptare
962 1968 1170 2004 certumst
1193 1967 1387 2004 nostrum
1413 1962 1541 2005 hodie
1560 1963 1819 2004 conuiuium.

976 2057 1190 2099 Stichus

342 2130 409 2171 Ita
441 2144 504 2170 me
537 2129 579 2170 di
620 2136 785 2181 ament,
825 2129 968 2183 lepide
1007 2131 1262 2184 accipimur,
1303 2144 1433 2184 quom
1474 2130 1554 2171 hoc
1592 2129 1824 2183 recipimur

1287 2203 1329 2243 in
1361 2202 1468 2244 loco.

344 2272 548 2326 Quisquis
580 2277 839 2326 praetereat,
873 2274 1149 2315 comissatum
1185 2274 1331 2315 uocari
1363 2275 1576 2316 conuenit.
1759 2284 1824 2318 685

456 2432 517 2464 671
546 2431 726 2465 redeundi
807 2432 873 2465 672
899 2431 1046 2465 obulam
1130 2431 1217 2465 mihi
1244 2431 1477 2475 stephanium
1560 2433 1625 2465 675
1651 2443 1733 2466 nam
1757 2441 1823 2466 om.

342 2489 406 2521 (376
432 2487 589 2521 istarum
701 2488 817 2521 omnis
923 2489 989 2521 677
1014 2487 1201 2522 fliduimus
1228 2487 1256 2521 Ο
1359 2490 1425 2522 679
1450 2489 1645 2531 sangarino
1757 2489 1824 2521 680

343 2548 502 2578 ceterum
531 2556 599 2586 ego
625 2544 788 2577 curando
815 2544 852 2577 id
878 2544 1045 2588 adlegaui
1071 2545 1105 2578 Β
1242 2546 1305 2579 681
1334 2545 1418 2579 hinc
1444 2555 1508 2579 om.
1547 2546 1579 2579 A
1716 2545 1822 2579 adue-

343 2601 499 2634 nienteis
525 2601 557 2634 A
642 2599 954 2636 SANGARINUS
983 2600 1187 2636 STICHUS
1215 2601 1430 2635 TIBICINA
1457 2602 1501 2641 A,
1528 2613 1592 2637 om.
1618 2601 1684 2636 BC
1757 2601 1823 2635 682

342 2656 492 2701 perficio
518 2657 646 2691 stichae
674 2657 702 2691 C
791 2659 857 2691 683
883 2660 1047 2701 tempere
1074 2657 1102 2692 C
1191 2662 1329 2693 certum
1356 2658 1384 2691 si
1477 2660 1543 2692 684
1568 2661 1693 2692 amant
1720 2657 1749 2693 Ο

343 2714 564 2757 accipiamur
589 2727 646 2757 qm
673 2714 742 2748 hoc
768 2715 984 2758 recipiamur
1122 2716 1188 2748 665
1220 2716 1494 2749 commissatum
1523 2715 1606 2749 uolo
1633 2714 1755 2748 uocari
1779 2711 1822 2756 :2ss

342 2771 518 2805 conuenit
688 2776 692 2780 “
