2009 3218
798 200 1077 242 Argumentum.
1601 201 1682 242 463

198 331 363 381 proptor
393 327 619 370 avaritiam,
666 328 801 374 λάβραξ
830 329 933 365 enim
967 328 1082 376 piscis
1114 331 1174 364 est
1212 328 1358 378 ingenti
1397 329 1498 366 rictu
1530 329 1680 366 voraci—

197 400 315 436 tatem
346 408 427 446 prae
457 408 498 432 se
530 395 676 439 serens;
729 391 886 443 Gripus
926 396 1117 444 piscator,
1158 398 1224 444 qui
1257 395 1390 434 Graece
1422 398 1569 446 γριπεὺς
1600 399 1680 443 est3

199 460 421 514 Sceparnio
457 476 592 501 servus
631 476 729 514 opus
768 464 910 500 faciens
951 476 971 500 a
1011 464 1219 511 σκεπάρνῳ,
1263 465 1285 500 i.
1319 478 1350 501 e.
1385 465 1532 511 securi3
1582 461 1682 502 Tra-

196 529 328 573 chalio
358 519 459 569 alter
488 544 625 568 servus
655 543 678 568 a
708 532 888 579 τραχήλῳ,
937 531 961 568 i.
994 544 1024 568 e.
1057 531 1179 577 collo,
1228 534 1338 581 quasi
1380 532 1543 570 robusto
1583 532 1682 570 collo

195 602 386 646 munitus;
418 599 598 637 Galerius
615 599 828 637 Trachalus
854 603 988 636 orator
1004 598 1134 636 Romae
1158 600 1292 637 consul
1318 600 1393 637 fuit
1409 614 1442 637 a.
1463 602 1514 637 68
1532 614 1570 650 p.
1591 600 1679 638 Chr.

196 665 416 709 Doemones
446 668 624 715 Λαφάνηςἱ
655 680 736 704 esse
768 666 944 712 videtur,
984 667 1050 715 qui
1085 667 1256 704 hostium
1289 668 1476 717 impetum
1519 669 1682 718 impigre

195 739 378 781 sustinet,
418 736 465 772 cf.
497 735 615 772 Anth.
650 734 727 772 Pal.
761 734 831 780 VI,
866 735 958 772 259.
1043 734 1318 772 Adulescentis
1365 749 1503 773 nomeu
1545 732 1680 774 Plesi-

196 803 340 854 dippus
370 808 429 840 est
460 805 498 840 in
522 805 556 840 A
589 803 618 840 B
650 802 678 840 C
710 816 744 840 v.
772 804 863 848 543,
896 803 990 840 item
1018 804 1057 840 iu
1082 802 1111 839 B
1137 802 1164 840 C
1189 816 1223 839 ν.
1252 805 1332 841 333
1365 808 1405 840 et
1439 806 1530 851 379,
1563 817 1682 853 quum

197 875 275 912 337
315 872 344 909 B
386 870 705 920 „Plemdippus“,
739 870 767 909 C
801 868 1134 921 „Plenidippus“;
1185 870 1513 921 „Pleusidippus“
1550 876 1679 910 autem

197 940 307 980 oodd.
337 941 499 990 Argum.
533 941 569 985 6,
610 941 702 976 item
733 939 761 977 C
797 940 888 977 859.
935 940 1053 977 1198.
1099 940 1216 977 1205.
1261 941 1388 987 1269,
1436 953 1520 990 quae
1560 941 1684 978 forma

197 1014 235 1047 et
263 1022 334 1059 per
363 1021 403 1046 se
434 1009 560 1045 minus
591 1009 673 1044 veri
704 1008 843 1046 similis
875 1012 933 1045 est
965 1012 1004 1045 et
1034 1021 1080 1045 ex
1112 1021 1243 1045 errore
1275 1008 1426 1046 librarii
1458 1013 1545 1046 orta
1576 1009 1682 1046 vide-

193 1081 279 1124 tur,
311 1078 377 1126 qui
408 1078 447 1114 in
478 1076 606 1113 Milite
632 1076 839 1113 Pleusiden
863 1089 934 1126 pro
960 1075 1152 1113 Pleusicle
1177 1076 1339 1125 legerat.
1401 1075 1581 1114 Ceterum
1613 1090 1684 1126 per

199 1149 321 1183 totam
351 1144 519 1182 fabulam
551 1158 573 1182 a
599 1144 628 1181 B
652 1157 908 1194 personarum
932 1148 1034 1181 notae
1058 1144 1210 1191 absunt,
1244 1158 1312 1182 nec
1336 1146 1375 1182 in
1400 1144 1428 1182 C
1452 1146 1526 1182 nisi
1547 1159 1581 1181 v.
1603 1146 1681 1183 604

200 1215 318 1260 -33,
354 1213 458 1252 1083
491 1226 569 1262 sq.,
608 1214 732 1257 1087,
773 1214 897 1259 1095,
936 1214 1060 1259 1109,
1101 1214 1205 1250 1192
1239 1213 1288 1249 ad
1319 1212 1384 1250 fin.
1416 1214 1681 1253 inveniuntur,

203 1281 269 1320 sod
299 1295 436 1332 parum
468 1285 696 1318 constanter
726 1285 765 1318 et
795 1294 898 1331 saepe
929 1294 1063 1331 prave.

762 1521 1104 1566 Argumentum

195 1635 448 1674 acrostichum
479 1649 548 1674 sex
579 1637 744 1674 senariis
775 1638 976 1686 scriptum.
1042 1638 1074 1673 1.
1109 1633 1295 1673 extraxit
1323 1637 1449 1686 prima
1480 1641 1679 1687 correpta3

195 1703 307 1742 Both.
337 1703 396 1742 Fl.
427 1704 610 1742 licentius
647 1705 852 1742 verborum
893 1705 1069 1742 ordinem
1111 1708 1324 1742 mutarunt.
1400 1704 1521 1741 Iidem
1563 1720 1598 1743 v.
1632 1707 1679 1742 4:

197 1772 277 1817 „Ea
319 1774 447 1822 suipte
491 1772 706 1823 inprudens
752 1775 792 1810 in
841 1772 1085 1810 clientelam“
1131 1773 1221 1810 mali
1262 1772 1539 1811 versificatoris
1584 1774 1681 1811 vitia

194 1841 385 1879 tollentes.
444 1839 581 1890 suipsse
610 1854 684 1878 em.
714 1841 974 1879 Camerarius.

802 2059 1057 2103 Prologum

195 2169 386 2209 Rudentis
429 2176 470 2209 et
514 2174 586 2222 ipsi
625 2173 768 2210 Plauto
808 2172 1108 2219 vindicaverim,
1155 2188 1190 2211 v.
1224 2173 1378 2223 Proleg.
1420 2188 1458 2225 p.
1495 2176 1593 2221 162,
1642 2178 1681 2213 et

194 2240 269 2276 iam
305 2241 344 2278 in
380 2239 515 2278 Graeca
554 2241 685 2279 fabula
722 2241 839 2279 fuisse
877 2241 1070 2288 arbitror,
1119 2254 1206 2290 quae
1243 2243 1366 2292 priori
1405 2243 1544 2280 saltem
1574 2245 1681 2293 parti

193 2319 312 2357 usque
342 2309 392 2346 ad
421 2323 456 2346 v.
491 2310 542 2347 30
575 2309 865 2360 responderint.
941 2309 1101 2357 Prologi
1132 2313 1265 2360 partes
1302 2312 1546 2348 Arcturus
1585 2313 1678 2361 agit,

192 2376 504 2424 splendidissima
534 2378 649 2415 stella
678 2379 719 2415 in
748 2378 884 2423 Boote,
922 2391 1018 2426 quae,
1052 2391 1170 2428 quum
1201 2382 1328 2417 totum
1358 2379 1533 2427 signum,
1573 2380 1678 2430 quod

193 2446 393 2494 et·ipsum
430 2446 645 2495 antiquitus
683 2446 909 2495 ἅρκτοφύλαξ
953 2446 1435 2496 appellabatur,'nomen
1475 2450 1677 2495 mutasset,

193 2512 274 2549 sola
302 2514 502 2563 antiquam
535 2515 835 2564 appellationem
868 2515 1042 2556 retinuit.
1104 2515 1229 2552 Huius
1253 2518 1293 2552 et
1317 2519 1429 2553 ortus
1455 2519 1495 2552 et
1519 2529 1678 2553 occasus

192 2592 327 2628 graves
371 2582 564 2631 procellas
609 2582 749 2620 afferre
793 2582 1028 2631 putabatur,
1075 2596 1110 2620 v.
1145 2584 1196 2620 70
1228 2597 1307 2634 sq.,
1355 2584 1402 2620 cf.
1442 2583 1542 2622 Plin.
1576 2584 1676 2622 Hist.

191 2651 271 2686 nat.
301 2649 350 2696 Π,
387 2651 484 2688 106;
522 2650 706 2693 „Arcturi
737 2649 845 2687 sidus
877 2664 955 2688 non
985 2651 1107 2688 ferme
1137 2653 1222 2690 sine
1245 2652 1463 2702 procellosa
1486 2652 1677 2701 grandine

193 2717 392 2766 emergit“.
451 2718 551 2756 Huic
581 2719 703 2767 igitur
733 2723 852 2767 poeta
883 2722 1079 2769 acceptam
1111 2720 1234 2758 refert
1256 2720 1363 2758 illam
1387 2723 1675 2771 tempestatem,

193 2796 276 2834 quae
306 2799 442 2823 navem
474 2786 626 2824 lenonis
657 2787 803 2835 frangit
834 2790 874 2823 et
904 2786 1102 2825 Palaestrae
1132 2792 1280 2837 patrem
1315 2788 1457 2825 reddit.
1541 2788 1677 2826 Oritur
