2009 3218
323 206 405 244 416
998 198 1125 233 Persa.

435 329 567 366 Prima
595 327 736 365 fabulae
759 338 876 364 scena
899 327 1137 376 colloquium
1159 325 1279 362 habet
1301 338 1501 363 servorum
1528 324 1705 371 duorum,
1737 325 1804 374 qui

322 399 424 434 inter
454 410 494 433 se
525 397 679 434 obviam
711 395 822 432 fiunt.
882 395 1042 432 Toxilus
1075 406 1246 430 amorem
1277 393 1455 442 queritur
1486 393 1615 442 egenti
1644 392 1804 439 homini,

323 465 450 515 qualis
481 465 564 514 ipse
595 464 664 511 sit,
707 461 906 500 difficilem
937 475 1038 509 esse,
1086 461 1305 511 Sagaristio.
1329 461 1508 498 servilem
1540 460 1805 498 condicionem

325 537 364 570 et
402 533 501 570 dura
538 532 623 568 heri
660 531 825 581 imperia
868 533 1036 568 accusat.
1118 529 1252 566 Primo
1297 533 1435 566 neuter
1483 529 1649 566 alterum
1684 527 1805 575 -videt,

323 605 405 638 tum
436 600 692 637 communiter
722 598 769 635 de
800 598 915 635 rebus
945 599 1024 635 suis
1055 597 1274 635 consulunt.
1334 597 1536 634 Canticum
1565 595 1743 633 iambicis
1768 598 1809 631 et
1851 632 1853 635 ,

323 668 532 705 trochaicis
570 667 740 704 numeris
779 667 886 704 varie
924 666 1113 715 scriptum
1145 668 1216 703 est.
1289 665 1335 702 V.
1371 665 1474 702 1—ss
1506 663 1662 701 iambici
1702 666 1808 700 octo-

326 737 426 772 narii
457 737 565 782 sunt,
597 735 704 772 7-8
737 735 969 783 septenarii,
1010 733 1147 770 9—12
1179 720 1391 780 octonarii,
1427 732 1589 770 13—16
1621 730 1809 768 trochaici

326 803 536 849 octonarii,
587 804 636 840 17
681 806 913 840 tetrameter
957 802 1142 848 creticus,
1194 802 1241 838 18
1286 799 1506 838 trochaicus
1551 799 1809 850 septenarius,

331 872 492 908 19—22
524 871 680 908 iambici
712 871 947 920 septenarii,
996 870 1159 907 23—25
1191 868 1347 906 iambici
1385 868 1597 915 octonarii,
1646 867 1808 905 26—2'7

326 939 546 976 trochaicus
591 939 818 977 octonarius
863 951 947 975 oum
994 938 1162 975 dimetro
1204 937 1452 983 catalectico,
1494 937 1551 973 28
1589 935 1812 972 trochaicus

278 1003 280 1006 ’
327 1008 589 1056 septenarius,
638 1008 687 1044 29
726 1006 948 1044 trochaicus
985 1005 1151 1042 dimeter
1191 1005 1460 1050 catalecticus,
1503 1004 1552 1041 30
1591 1003 1812 1040 trochaicus

328 1077 570 1124 octonarius,
620 1075 784 1112 31—32
814 1074 1002 1111 trochaici
1034 1074 1266 1122 septenarii,
1315 1073 1364 1110 33
1404 1071 1594 1108 iambicus
1633 1071 1809 1118 dimeter,

332 1145 381 1181 34
412 1144 634 1181 trochaicus
671 1143 939 1192 septenarius,
980 1143 1029 1179 35
1062 1141 1248 1182 iambicus
1288 1141 1509 1177 octonarius
1547 1139 1810 1188 hypermeter,

332 1213 382 1249 36
414 1212 635 1249 trochaicus
673 1212 934 1260 septenariuS‚
983 1210 1147 1247 37—38
1180 1208 1303 1245 troch.
1337 1208 1560 1245 octonarius
1598 1220 1684 1243 cum
1723 1218 1811 1255 sep·

329 1281 492 1325 tenario,
527 1281 576 1317 39
609 1279 796 1315 iambicus
827 1278 1010 1325 dimeter,
1049 1279 1100 1314 40
1133 1277 1320 1314 iambicus
1351 1277 1614 1326 septenarius,
1649 1275 1697 1311 41
1732 1278 1840 1311 tro-.

331 1347 485 1385 chaicus
516 1348 749 1395 octonarius,
781 1347 944 1384 42—43
977 1346 1164 1383 trochaici
1195 1346 1419 1394 septenarii,
1461 1344 1625 1381 44—53
1657 1341 1814 1380 iambici

330 1416 555 1464 septenarii.

449 1486 567 1522 1—-5.
601 1483 790 1533 Egentem
823 1496 966 1530 amare,
999 1483 1256 1519 temerarium
1287 1494 1371 1518 esse
1403 1480 1508 1527 dicit,
1551 1491 1716 1528 eumque
1748 1477 1815 1528 qui

331 1554 480 1603 primus
511 1552 625 1589 huius
655 1553 711 1588 rei
750 1552 967 1601 exemplum
999 1550 1165 1597 dederit,
1196 1550 1320 1586 maius
1351 1561 1447 1598 opus
1478 1560 1701 1597 aggressum
1732 1558 1816 1583 esse

333 1634 446 1670 quam
486 1620 690 1657 Herculem
731 1620 932 1657 duodecim
974 1631 1164 1656 aerumnas
1205 1619 1490 1666 exsequentem.
1566 1615 1645 1652 Hos
1681 1627 1819 1652 versus

333 1688 447 1725 affert
478 1687 638 1725 Servius
669 1690 708 1725 in
738 1688 856 1736 Verg.
888 1687 1022 1725 Bucol.
1059 1688 1121 1732 10,
1155 1687 1205 1723 69
1238 1687 1278 1722 in
1309 1686 1436 1735 primo
1467 1683 1528 1722 est
1555 1684 1738 1728 scribens,
1777 1683 1816 1718 in
1854 1680 1862 1688 '

335 1758 480 1793 altero:
532 1757 751 1801 „aerumnis
790 1756 820 1792 is
858 1757 938 1793 suis
978 1767 1183 1791 aerumnas
1222 1750 1444 1798 Herculis“,
1485 1753 1524 1789 in
1563 1753 1682 1789 tertio
1726 1747 1840 1797 ,‚et“·

335 1839 429 1871 om.,
472 1826 510 1861 in
553 1830 710 1873 quarto:
762 1837 845 1870 „me
885 1823 1075 1860 deluctari
1122 1819 1374 1858 malueram“.
1450 1820 1574 1866 Quum
1621 1820 1819 1868 scriptura

336 1894 511 1931 codicum
545 1893 691 1941 ἄμετρος
717 1896 831 1937 esset,
863 1891 1027 1928 Guietus
1052 1891 1312 1939 transposuit:
1346 1885 1503 1926 amoris
1526 1885 1573 1924 in
1599 1882 1718 1933 uia83
1749 1898 1819 1922 nec

336 1962 500 1999 multum
548 1961 679 2006 differt
722 1960 887 2010 pluralis
927 1960 1033 1996 Trin.
1075 1960 1165 1996 669.
1241 1957 1432 2006 Bergkius
1470 1956 1590 1993 Beitr.
1631 1954 1648 1991 I
1687 1968 1725 2004 p.
1765 1954 1814 1990 41

337 2030 553 2067 scribebat:

395 2099 467 2144 Qui
498 2111 631 2135 amans
662 2110 776 2147 egens
808 2098 1006 2146 ingressus
1037 2099 1096 2132 est
1125 2095 1307 2144 princeps
1338 2094 1379 2130 in
1411 2104 1572 2137 amores,
1606 2093 1638 2127 is
1668 2091 1780 2127 uians

395 2166 604 2216 Superauit
635 2167 830 2204 aerumnis
860 2166 939 2202 suis
971 2176 1187 2210 aerumnas,
1220 2161 1419 2208 Hercules,
1449 2163 1550 2206 tuas,

339 2248 502 2284 quorum
550 2235 744 2284 posterior
789 2245 921 2270 versus
967 2231 1174 2269 admodum
1221 2230 1379 2278 elegans
1426 2232 1503 2274 est,
1551 2227 1620 2264 sed
1664 2226 1820 2263 facilior

339 2303 494 2340 videtur
534 2303 753 2340 emendatio
794 2301 957 2338 Lomani
1001 2308 1221 2337 aerumnas
1260 2293 1396 2336 omnis
1426 2291 1602 2334 Herculi
1639 2291 1705 2344 (de
1746 2306 1822 2344 qua

341 2372 510 2420 genetivi
550 2371 673 2408 forma
704 2384 738 2408 v.
771 2369 878 2407 Neue
910 2368 1102 2406 Formenl.
1135 2368 1162 2414 I,
1197 2363 1317 2415 332),
1363 2365 1613 2415 participium
1659 2358 1818 2410 „uians“

342 2440 406 2475 vix
437 2440 613 2488 cuiquam
645 2437 830 2488 placebit.
856 2457 909 2462 --
942 2437 978 2474 3.
1010 2435 1048 2473 εἰ
1077 2435 1239 2472 Plautus
1270 2433 1466 2471 interdum
1496 2433 1600 2470 inter
1629 2430 1708 2468 duo
1738 2431 1822 2468 lon-

343 2508 464 2555 gioris
495 2508 608 2543 seriei
644 2507 813 2543 membra
844 2506 965 2553 addit,
997 2517 1115 2552 quum
1146 2507 1274 2539 cetera
1301 2503 1496 2543 ἀσυνδέτως
1526 2501 1821 2549 componantur,

344 2589 379 2612 v,
420 2575 520 2614 Rud.
560 2576 653 2617 918,
687 2576 733 2611 al.
811 2575 881 2611 Hic
913 2574 952 2611 et
981 2573 1177 2611 omittitur
1208 2572 1246 2609 in
1277 2572 1311 2607 A
1342 2575 1381 2607 et
1419 2569 1522 2620 apud
1548 2568 1736 2606 Servium.
1768 2583 1824 2590 -

345 2644 505 2681 excetra
537 2642 715 2687 Servius,
759 2644 782 2679 i.
815 2656 846 2679 e.
880 2641 1004 2690 hydra
1035 2640 1207 2677 Lernaea.
1240 2658 1289 2664 —
1324 2633 1531 2683 AEtoli603
1577 2637 1694 2672 immo
1724 2633 1823 2682 Ery·

346 2711 574 2751 manihium.
607 2724 682 2747 non
715 2710 970 2757 s'alydonium
1003 2721 1137 2757 aprum
1171 2706 1357 2743 Hercules
1387 2707 1499 2752 vicit;
1541 2704 1704 2741 Plautus
1743 2714 1822 2738 me-

346 2782 470 2818 moria
493 2781 622 2829 lapsus¹
640 2785 710 2814 est..
732 2798 778 2809 —
800 2779 836 2814 4.
871 2773 1083 2822 diffamari,
1111 2775 1157 2813 cf.
1177 2775 1284 2811 Trin.
1304 2775 1404 2818 8403
1444 2773 1606 2822 „quibus
1633 2769 1824 2808 aerumnis
