2009 3218
336 181 415 220 362
1026 181 1146 216 Plauti
1514 183 1565 226 II,
1590 185 1621 227 3,
1646 185 1766 227 21—4‚
1791 185 1812 218 ’7

335 304 392 347 Ut
421 318 511 346 rem
543 318 717 347 seruare
748 319 881 348 suaue
913 306 998 348 est!
1060 306 1152 348 Uae
1183 308 1339 349 misero
1372 307 1486 358 mihi,

334 376 437 418 Post
465 375 628 418 factum
659 376 839 430 plector,
871 378 974 432 quia
1005 382 1280 432 antepartum
1312 378 1493 432 perdidi,
1748 392 1814 425 340

333 446 492 489 Uerum
523 462 634 490 nunc
665 449 700 490 si
732 461 819 502 qua
849 449 953 490 mihi
985 448 1190 502 obtigerit
1221 449 1441 491 hereditas

333 519 489 573 Magna
520 523 650 574 atque
681 519 915 571 luculenta,
946 534 1060 562 nunc
1091 525 1323 575 postquam
1357 522 1459 568 scio,

333 591 468 632 Dulce
499 595 629 644 atque
660 605 854 633 amarum
886 591 988 646 quid
1021 593 1078 633 sit
1110 606 1160 633 ex
1191 593 1387 645 pecunia,

332 663 400 704 Ita
431 676 507 714 ego
538 663 656 705 illam
688 663 840 717 edepol
873 677 1040 705 seruem
1072 664 1220 717 itaque
1252 677 1380 716 parce
1412 665 1618 717 uictitem,

333 734 391 776 Ut
420 733 540 776 nulla
559 734 700 781 ,faxim
732 735 792 776 cis
825 735 915 776 dies
947 749 1107 788 paucos
1139 736 1231 777 siet.
1749 749 1815 783 345
1970 757 1976 842 Ι

332 805 421 859 Ego
451 806 571 858 istos,
602 806 675 860 qui
706 821 817 849 nunc
849 821 914 848 me
947 806 1137 861 culpant,
1169 806 1493 849 confutauerim.

332 876 416 920 Sed
446 882 672 920 aestuosas
703 879 841 920 sentio
874 879 1034 932 aperiri
1065 878 1192 930 fores,
1506 923 1511 926 ,
1966 854 1975 1255 i

1906 479 1914 486 ι

1973 325 1980 475 -..ῃ-.-

334 948 453 999 Quae
485 949 720 992 obsorbent
751 949 957 1005 quicquid
989 951 1110 992 uenit
1140 951 1256 992 intra
1286 950 1495 1004 pessulos.

2007 1047 2009 1052 .
1997 698 2009 997 uw-ffi-A-—dt
1997 613 2009 688 -e

670 1153 1040 1196 PHRONESIUM
1129 1154 1474 1196 DINIARCHUS
1735 1155 1812 1198 DU

900 1267 1246 1310 Phronesium

333 1338 444 1380 Num
475 1339 554 1381 tibi
585 1352 684 1380 nam
715 1339 869 1382 amabo
902 1340 1033 1381 ianua
1065 1344 1132 1382 est
1162 1340 1343 1382 mordax
1376 1354 1480 1391 mea,

334 1410 426 1461 Quo
457 1411 571 1452 intro
601 1411 663 1452 ire
695 1415 876 1462 metuas,
909 1425 1003 1453 mea
1034 1411 1267 1466 uoluptas?

908 1513 1233 1555 Diniarchus

1322 1585 1407 1628 Uer
1438 1586 1550 1638 uide,
1751 1593 1822 1633 350⁴

333 1656 391 1699 Ut
421 1660 514 1699 tota
544 1655 682 1708 floret,
713 1661 762 1699 ut
793 1656 891 1708 olet,
924 1662 974 1699 ut
1006 1657 1140 1699 nitide
1172 1657 1301 1699 nitet!

896 1759 1249 1801 Phronesium

333 1830 417 1881 Qui
446 1834 536 1872 tam
566 1829 786 1882 inficetu's,
819 1831 979 1873 Lemno
1011 1831 1247 1874 adueniens
1279 1832 1353 1885 qui
1383 1835 1501 1873 tuae.

332 1902 428 1944 Non
460 1902 535 1944 des
566 1903 743 1954 amicae,
776 1903 1025 1955 Diniarche,
1057 1902 1254 1946 sanium?

908 2005 1240 2047 Diniarchus

333 2075 442 2127 Uah,
473 2076 634 2131 uapulo
667 2076 811 2119 hercle
844 2090 921 2131 ego
954 2091 1079 2128 nunc,
1110 2081 1242 2132 atque
1273 2076 1382 2119 adeo
1413 2076 1538 2119 male.

895 2179 1248 2221 Phronesium

334 2249 452 2300 Quor
481 2255 523 2292 te
554 2251 786 2292 auortisti‘?

443 2410 509 2443 339
534 2407 626 2443 Utrfi
650 2419 754 2443 seure
778 2408 825 2451 Β,
853 2408 983 2444 Utrum
1009 2410 1151 2443 seruire
1176 2409 1204 2444 O
1316 2409 1418 2443 salue
1444 2412 1496 2442 est
1524 2419 1615 2442 ueue
1747 2408 1814 2442 340

331 2466 461 2500 flector
553 2467 614 2498 341
645 2466 829 2509 ‹›l=tegerit
933 2466 999 2500 346
1024 2465 1181 2500 nuncine
1206 2465 1241 2499 Β
1351 2464 1640 2499 confutauerunt
1749 2465 1814 2498 347

333 2522 403 2556 Sed
430 2526 484 2555 est
510 2532 574 2555 uos
601 2521 770 2555 adsentio
875 2523 940 2556 348
967 2521 1060 2555 iufra
1167 2520 1457 2556 PRONESTUM
1488 2520 1727 2556 DlNARCUS

333 2578 397 2613 DU
423 2588 488 2612 om.
515 2578 543 2611 (J
656 2580 722 2611 350
747 2578 919 2612 uoluntas
945 2578 1011 2612 ΒΟ
1123 2578 1261 2612 feruido
1288 2579 1316 2612 C
1414 2580 1475 2611 351
1507 2577 1605 2611 utole
1632 2577 1681 2611 lui
1706 2577 1748 2619 Β,
1775 2579 1813 2611 ut

334 2635 391 2668 ole
417 2636 451 2668 ui
478 2635 506 2668 (1
619 2635 685 2668 352
709 2634 801 2676 Quid
828 2639 901 2668 tam
928 2637 1068 2668 facetus
1095 2635 1124 2667 A
1249 2634 1335 2679 quid
1363 2646 1406 2668 ue
1431 2634 1498 2669 BG
1609 2635 1675 2668 353
1700 2633 1814 2667 amice

333 2691 533 2724 diniarchis
560 2690 720 2723 auiuium
748 2690 814 2724 BG
904 2692 978 2735 (qui
1003 2691 1162 2728 aninum)
1257 2693 1322 2725 354
1346 2690 1496 2725 herculi·
1523 2691 1553 2724 A
1647 2691 1713 2724 355
1738 2690 1814 2732 Quo

334 2747 519 2782 auortiszis
544 2746 610 2781 BC
