2009 3218
429 211 509 250 482
1090 203 1251 238 Rudens.

428 337 488 372 vel
519 348 565 372 ex
597 330 906 371 meretricibus“.
945 352 999 358 ——
1041 333 1131 370 531.
1179 341 1391 377 conruere,
1437 330 1668 377 conradere,
1716 331 1762 369 cf.
1795 330 1906 368 Varr.

430 403 473 440 L.
506 403 549 439 L.
582 401 645 448 IV,
683 402 772 439 139.
841 401 933 438 Hor.
968 400 1047 438 Sat.
1079 400 1133 446 H,
1168 402 1212 446 5,
1247 400 1317 436 22:
1368 398 1495 445 „unde
1536 397 1692 435 divitias
1730 399 1908 447 aerisque

429 484 538 507 ruam
570 467 767 507 acervos“.
795 488 846 494 -
879 463 1016 506 aiebas
1048 467 1134 504 edd.
1163 486 1211 491 —
1238 463 1409 504 diuitias
1440 465 1536 502 duas
1566 467 1710 514 primas
1739 465 1908 514 syllabas

431 538 640 583 contrahit,
673 550 708 574 v.
733 537 836 574 Prol.
862 550 900 586 p.
921 537 1013 573 214.
1041 555 1088 561 —
1126 536 1216 572 532.
1240 529 1503 582 postulabas,
1535 547 1571 571 v.
1589 533 1637 569 ad
1654 533 1794 583 Amph.
1815 535 1907 572 357.

431 625 487 630 —
514 603 722 654 inparata,
756 604 802 641 cf.
835 605 927 641 741.
973 604 1061 641 Ter.
1085 592 1241 640 Phor'm.
1265 603 1357 639 669.
1391 621 1445 626 —
1477 601 1569 638 533.
1603 598 1908 648 demoraturum,

431 675 476 711 cf.
509 673 595 710 Ter.
630 672 721 709 Hec.
756 672 857 709 586:
909 671 1016 719 „Ego
1054 684 1120 707 rus
1161 669 1354 707 abituram
1393 682 1451 705 me
1482 665 1681 706 decreui“.
1721 688 1777 694 —
1816 670 1907 707 534.

431 737 602 778 balaena
634 740 720 777 edd.
758 759 803 764 —-
847 741 938 777 535.
981 737 1232 786 covpactum,
1264 737 1311 773 cf.
1344 738 1436 774 705.
1473 737 1592 774 1134.
1639 737 1778 786 Amph.
1816 738 1906 775 155.

429 828 483 834 -
529 809 622 846 540.
669 803 905 845 consociare
945 806 1053 853 edd.;
1098 805 1135 842 h.
1174 806 1200 842 l.
1240 805 1488 842 intransitive
1525 805 1637 853 quasi
1682 806 1909 842 societatem

428 877 540 913 inire.
573 896 627 901 —
667 876 759 913 542.
798 884 893 923 spes
925 871 1104 923 aliquae,
1144 872 1259 919 v.fad
1292 872 1409 909 Most.
1444 873 1536 909 340.
1568 871 1671 909 infra
1706 873 1823 910 1148.
1855 892 1908 897 —
1976 858 1982 883 ²*

433 945 524 982 544.
562 939 648 992 Quo
679 939 738 990 ab,
771 957 806 980 v.
840 942 888 979 ad
919 942 1058 990 Amph.
1094 942 1186 978 234.
1222 959 1270 964 -
1306 941 1398 977 545.
1429 937 1470 977 is
1500 940 1652 989 scripsi,
1684 953 1771 977 nam
1803 940 1909 989 quod
1976 939 1994 978 '.

430 1011 458 1049 C
488 1011 638 1061 praebet
672 1009 760 1058 „se“
795 1023 961 1059 pravum
993 1013 1062 1046 est.
1096 1028 1145 1034 -
1180 1010 1272 1046 547.
1306 1008 1363 1045 Cf.
1390 1007 1500 1045 Cure.
1534 1008 1615 1044 494
1647 1020 1704 1057 sq.
1739 1008 1907 1057 „lingua,
1937 1032 1945 1036 -
1976 1012 2007 1053 ς’

430 1080 496 1128 qui
535 1079 737 1125 abiurant,
783 1081 816 1116 si
855 1078 950 1127 quid
987 1075 1256 1114 creditumsffl.
1312 1077 1411 1113 701:
1463 1076 1561 1123 „Qui
1590 1074 1780 1124 promisi?
1827 1076 1907 1113 ΤΗ.
1979 1064 1994 1090 ”“

431 1147 597 1196 Lingua.
644 1146 720 1184 CA.
754 1146 900 1183 Eadem
933 1159 1035 1182 nunc
1065 1142 1205 1194 nego“.
1238 1144 1284 1181 al.
1317 1144 1419 1181 infra
1453 1144 1571 1182 1342.
1608 1144 1711 1181 1361
1744 1158 1800 1193 sq.

545 1216 637 1253 548.
683 1215 801 1252 Redit
832 1213 1053 1263 Sceparnio.
1105 1213 1327 1249 Trochaicis
1359 1213 1593 1262 septenariis
1625 1225 1740 1250 scena
1763 1213 1909 1262 scripta

430 1287 500 1321 est.
533 1303 589 1308 -
622 1282 728 1330 „est“
764 1295 838 1319 om.
863 1282 994 1328 Reiz.;
1025 1281 1105 1318 Fl.:
1143 1278 1376 1330 „negotist“.
1408 1299 1462 1305 -—
1495 1282 1587 1318 550.
1619 1280 1701 1319 tota
1729 1281 1908 1318 Mueller.
1972 1311 1982 1325 „

431 1352 539 1389 Pros.
571 1365 608 1402 p.
645 1352 721 1388 225
756 1354 916 1397 annot.;
962 1350 1030 1386 sed
1068 1362 1143 1386 non
1174 1349 1319 1386 iniuria
1349 1348 1456 1385 Brix.
1487 1349 1589 1385 Ann.
1619 1348 1714 1398 phil.
1748 1348 1909 1386 CXXXI

429 1433 466 1469 p.
502 1421 579 1457 205
613 1418 889 1456 animadvertit
926 1420 1011 1454 tum
1050 1416 1297 1455 scribendum
1328 1429 1412 1454 esse
1447 1420 1625 1463 „noctem
1656 1417 1755 1454 hanc
1785 1420 1907 1455 totam

429 1484 698 1536 proxumam“,
746 1486 792 1524 cf.
834 1486 912 1524 368
953 1486 1022 1533 aL,
1079 1498 1199 1534 quare
1244 1484 1350 1522 aliud
1394 1485 1514 1522 fuisse
1559 1484 1692 1531 credo,
1746 1485 1910 1523 fortasse
1968 1500 1986 1530 γ

434 1553 623 1605 ,‚nuper“.
684 1554 916 1605 Superiores
953 1551 1110 1601 „uero“‚
1142 1566 1282 1603 parum
1307 1556 1410 1603 apte.
1437 1571 1492 1577 —-
1517 1554 1611 1590 551.
1643 1553 1793 1591 eiectas
1823 1552 1908 1590 edd.

432 1643 480 1648 —
526 1625 617 1662 554.
659 1620 821 1671 Nempe
851 1632 980 1669 meae,
1012 1636 1064 1659 sc.
1097 1625 1201 1659 sunt.
1267 1621 1380 1659 Both.
1414 1621 1471 1658 Fl.
1503 1634 1575 1672 pro
1605 1621 1910 1670 interrogatione
1966 1611 1982 1657 Ῑι

429 1692 575 1729 habent
603 1695 648 1728 ut
682 1693 772 1728 556.
835 1687 994 1738 Nempe
1025 1691 1156 1740 priore
1186 1694 1377 1738 correpta,
1409 1703 1444 1727 v.
1477 1689 1631 1738 Proleg.
1662 1702 1701 1739 p.
1735 1690 1826 1726 200.
1857 1707 1910 1714 —·
1968 1711 1970 1713 >

433 1761 525 1797 555.
561 1756 766 1809 „possum“
800 1759 904 1796 Brix.
924 1760 1024 1796 Ann.
1052 1758 1146 1808 phil.
1173 1757 1335 1795 CXXXI
1364 1772 1402 1808 p.
1436 1758 1528 1804 205,
1561 1757 1666 1806 quod
1697 1770 1743 1794 ex
1767 1756 1795 1794 C
1825 1770 1908 1795 eno·
1975 1775 1983 1795 .·

429 1829 530 1864 tavit
560 1827 783 1865 Schneider.
815 1847 870 1852 —
908 1824 1103 1875 adpotuffi
1144 1826 1187 1863 cf.
1223 1826 1364 1876 Amph.
1401 1826 1492 1862 278.
1524 1845 1578 1850 —
1619 1826 1712 1863 556.
1753 1821 1911 1873 Nempe
1979 1838 1982 1844 ·

421 1891 619 1944 puellae?
672 1895 856 1932 Fortunae
896 1907 975 1932 suae
1012 1894 1163 1931 diffisus
1200 1894 1395 1931 inutiliter
1425 1895 1655 1942 interrogat.
1700 1913 1755 1918 —
1797 1890 1908 1931 intro
1980 1911 1982 1913 >

431 1963 533 2000 Cam.
561 1963 648 2000 add.
682 1983 735 1987 ——
768 1965 859 1999 557.
892 1959 950 2000 mi
980 1962 1068 2000 edd.
1098 1982 1145 1987 —
1177 1963 1268 1999 558.
1303 1962 1448 2007 tamen,
1482 1962 1666 1998 cf.1111.
1702 1961 1751 1998 ad
1767 1961 1906 2011 Amph.

435 2033 524 2068 197.
561 2050 609 2056 —
644 2032 735 2068 559.
769 2026 1018 2077 barathrum,
1051 2044 1085 2067 V.
1118 2030 1166 2066 ad
1197 2030 1336 2067 Bacch.
1373 2031 1462 2067 147.

546 2101 636 2137 560.
684 2095 843 2146 hospes.
905 2098 1205 2147 Sceparnionem
1238 2097 1431 2147 appellat,
1472 2100 1679 2147 postquam
1710 2097 1808 2135 abiit
1835 2097 1907 2135 La-

432 2167 541 2204 brax,
569 2186 617 2192 —
649 2168 742 2204 561.
774 2163 889 2213 Istic,
921 2168 960 2204 in
986 2169 1062 2212 via,
1095 2165 1161 2202 ubi
1186 2179 1236 2202 es.
1264 2186 1318 2190 —
1347 2166 1439 2203 564.
1470 2175 1560 2202 mea
1590 2165 1783 2203 arescunt
1804 2164 1905 2202 Cam.

432 2255 485 2260 -
511 2232 595 2272 loco
626 2234 715 2271 add.
732 2235 839 2272 Reiz.
859 2254 910 2259 —
940 2235 1030 2272 565.
1064 2234 1106 2270 In
1133 2235 1166 2270 A
1196 2237 1328 2270 utrum
1358 2231 1583 2282 „tegillum“
1614 2246 1664 2270 an
1691 2229 1902 2281 .,tigillum“
1967 2264 1969 2267 .
1998 2263 1999 2266 ,

432 2303 550 2340 fuerit
584 2315 659 2339 non
692 2303 855 2351 liquere,
887 2302 982 2339 mihi
1011 2305 1181 2338 testatur
1200 2301 1470 2338 Studemund.
1530 2300 1634 2337 Illud
1663 2301 1841 2350 legerunt
1869 2302 1908 2337 et

432 2370 537 2408 Fest.
563 2371 670 2420 Epit.
696 2383 733 2420 p.
761 2371 860 2408 366:
912 2370 1130 2417 „Tegillum
1164 2369 1474 2406 cuculiunculum
1508 2382 1554 2405 ex
1584 2369 1712 2418 scirpo
1750 2368 1904 2406 factum.

433 2438 615 2475 Plautus:
649 2438 842 2485 Tegillum
872 2438 967 2475 mihi
993 2441 1089 2482 aret,
1122 2437 1161 2473 id
1185 2437 1217 2473 si
1243 2438 1302 2473 uis
1330 2434 1454 2474 dabo“
1490 2440 1527 2473 et
1551 2436 1649 2474 Non.
1668 2450 1705 2486 p.
1727 2437 1803 2474 178
1828 2449 1902 2485 sq.:

436 2506 672 2555 ,‚Tegillum,
720 2506 1002 2543 deminutivum
1042 2519 1064 2542 a
1100 2502 1254 2551 tecto“;
1301 2505 1439 2541 deinde
1478 2503 1695 2542 afferuntur
1725 2503 1904 2541 Varronis

432 2574 569 2611 verba:
628 2574 828 2619 „texillum
873 2578 1007 2623 pastor
1052 2572 1125 2610 sibi
1171 2571 1336 2609 sumat“.
1429 2571 1504 2609 Sed
1543 2572 1590 2609 de
1636 2572 1758 2609 forma
1801 2571 1904 2608 vocis

432 2642 680 2678 vehementer
719 2641 876 2688 dubito3
922 2655 991 2678 nee
1031 2642 1132 2678 enim
1174 2654 1197 2677 a
1234 2639 1403 2687 tegendo
1441 2643 1574 2688 tegum
1619 2644 1687 2678 aut
1730 2638 1903 2689 tegillum

433 2708 493 2754 fit,
535 2709 602 2745 sed
641 2713 767 2757 teges,
822 2722 888 2745 nec
928 2722 1060 2746 versus
1099 2708 1146 2745 ab
1185 2708 1312 2745 iambo
1352 2709 1523 2757 incipere
1561 2711 1702 2757 potest.
1776 2706 1902 2752 Quare

433 2779 560 2815 nescio
592 2790 638 2813 an
671 2777 790 2813 fuerit
823 2782 887 2812 aut
913 2778 1102 2824 texillum,
1135 2782 1178 2813 ut
1203 2776 1337 2818 Vari-0,
1370 2780 1448 2822 aut,
1483 2776 1586 2824 quod
1615 2777 1744 2825 potius
1776 2772 1900 2823 credo,
