<?xml version="1.0" encoding="UTF-8"?>
<!DOCTYPE html PUBLIC "-//W3C//DTD XHTML 1.0 Transitional//EN"
    "http://www.w3.org/TR/xhtml1/DTD/xhtml1-transitional.dtd">
<html xmlns="http://www.w3.org/1999/xhtml" xml:lang="en" lang="en">
 <head>
  <title>
</title>
<meta http-equiv="Content-Type" content="text/html;charset=utf-8" />
  <meta name='ocr-system' content='tesseract 3.04.00' />
  <meta name='ocr-capabilities' content='ocr_page ocr_carea ocr_par ocr_line ocrx_word'/>
</head>
<body>
  <div class='ocr_page' id='page_1' title='image "./comoediaerecensu05plauuoft_0182.png"; bbox 0 0 2009 3218; ppageno 0'>
   <div class='ocr_carea' id='block_1_1' title="bbox 312 216 1796 261">
    <p class='ocr_par' dir='ltr' id='par_1_1' title="bbox 312 216 1796 261">
     <span class='ocr_line' id='line_1_1' title="bbox 312 216 1796 261; baseline 0.001 -11"><span class='ocrx_word' id='word_1_1' title='bbox 312 221 389 261; x_wconf 86' lang='lat'><strong>176</strong></span> <span class='ocrx_word' id='word_1_2' title='bbox 993 217 1113 252; x_wconf 74' lang='lat' dir='ltr'><strong>Plauti</strong></span> <span class='ocrx_word' id='word_1_3' title='bbox 1534 216 1578 259; x_wconf 86' lang='lat' dir='ltr'><strong>v,</strong></span> <span class='ocrx_word' id='word_1_4' title='bbox 1605 217 1636 260; x_wconf 82' lang='lat'><strong>2,</strong></span> <span class='ocrx_word' id='word_1_5' title='bbox 1666 217 1796 252; x_wconf 83' lang='lat'>19—33</span> 
     </span>
    </p>
   </div>
   <div class='ocr_carea' id='block_1_2' title="bbox 305 341 1794 754">
    <p class='ocr_par' dir='ltr' id='par_1_2' title="bbox 305 341 1794 754">
     <span class='ocr_line' id='line_1_2' title="bbox 953 341 1148 394; baseline -0.005 -10"><span class='ocrx_word' id='word_1_6' title='bbox 953 341 1148 394; x_wconf 71' lang='lat' dir='ltr'><strong>Gripus</strong></span> 
     </span>
     <span class='ocr_line' id='line_1_3' title="bbox 1095 413 1622 466; baseline 0 -10"><span class='ocrx_word' id='word_1_7' title='bbox 1095 413 1281 456; x_wconf 83' lang='lat' dir='ltr'><strong>Uidetur</strong></span> <span class='ocrx_word' id='word_1_8' title='bbox 1313 413 1443 466; x_wconf 82' lang='lat' dir='ltr'><strong>(ligna</strong></span> <span class='ocrx_word' id='word_1_9' title='bbox 1472 413 1622 456; x_wconf 83' lang='lat' dir='ltr'><strong>forma.</strong></span> 
     </span>
     <span class='ocr_line' id='line_1_4' title="bbox 307 485 766 540; baseline -0.004 -12"><span class='ocrx_word' id='word_1_10' title='bbox 307 486 392 528; x_wconf 85' lang='lat' dir='ltr'><strong>Sed</strong></span> <span class='ocrx_word' id='word_1_11' title='bbox 424 485 528 540; x_wconf 89' lang='lat' dir='ltr'><strong>quid</strong></span> <span class='ocrx_word' id='word_1_12' title='bbox 560 485 640 527; x_wconf 87' lang='lat' dir='ltr'><strong>tibi</strong></span> <span class='ocrx_word' id='word_1_13' title='bbox 672 485 766 527; x_wconf 81' lang='lat' dir='ltr'><strong>est?</strong></span> 
     </span>
     <span class='ocr_line' id='line_1_5' title="bbox 947 555 1158 598; baseline 0 -1"><span class='ocrx_word' id='word_1_14' title='bbox 947 555 1158 598; x_wconf 76' lang='lat' dir='ltr'><strong>Labrax</strong></span> 
     </span>
     <span class='ocr_line' id='line_1_6' title="bbox 814 622 1682 682; baseline 0.002 -13"><span class='ocrx_word' id='word_1_15' title='bbox 814 627 906 670; x_wconf 89' lang='lat' dir='ltr'><strong>Hac</strong></span> <span class='ocrx_word' id='word_1_16' title='bbox 937 641 1149 682; x_wconf 81' lang='lat' dir='ltr'><strong>proxuma</strong></span> <span class='ocrx_word' id='word_1_17' title='bbox 1180 632 1306 669; x_wconf 90' lang='lat' dir='ltr'><strong>nocte</strong></span> <span class='ocrx_word' id='word_1_18' title='bbox 1337 628 1380 669; x_wconf 90' lang='lat' dir='ltr'><strong>in</strong></span> <span class='ocrx_word' id='word_1_19' title='bbox 1413 629 1521 670; x_wconf 80' lang='lat' dir='ltr'><strong>mari</strong></span> <span class='ocrx_word' id='word_1_20' title='bbox 1553 622 1682 671; x_wconf 78' lang='lat' dir='ltr'><strong>claui.</strong></span> 
     </span>
     <span class='ocr_line' id='line_1_7' title="bbox 305 698 1794 754; baseline 0.001 -12"><span class='ocrx_word' id='word_1_21' title='bbox 305 699 538 744; x_wconf 85' lang='lat' dir='ltr'><strong>Confracta</strong></span> <span class='ocrx_word' id='word_1_22' title='bbox 570 703 634 742; x_wconf 92' lang='lat' dir='ltr'><strong>est</strong></span> <span class='ocrx_word' id='word_1_23' title='bbox 663 700 799 750; x_wconf 87' lang='lat' dir='ltr'><strong>nauis,</strong></span> <span class='ocrx_word' id='word_1_24' title='bbox 839 698 1006 754; x_wconf 89' lang='lat' dir='ltr'><strong>perdidi</strong></span> <span class='ocrx_word' id='word_1_25' title='bbox 1039 698 1251 752; x_wconf 81' lang='lat' dir='ltr'><strong>quidquid</strong></span> <span class='ocrx_word' id='word_1_26' title='bbox 1283 704 1378 741; x_wconf 88' lang='lat' dir='ltr'><strong>erat</strong></span> <span class='ocrx_word' id='word_1_27' title='bbox 1407 701 1538 741; x_wconf 83' lang='lat' dir='ltr'><strong>miser</strong></span> <span class='ocrx_word' id='word_1_28' title='bbox 1567 700 1626 742; x_wconf 90' lang='lat' dir='ltr'><strong>ibi</strong></span> <span class='ocrx_word' id='word_1_29' title='bbox 1659 715 1794 743; x_wconf 83' lang='lat' dir='ltr'><strong>omne.</strong></span> 
     </span>
    </p>
   </div>
   <div class='ocr_carea' id='block_1_3' title="bbox 305 789 1796 1383">
    <p class='ocr_par' dir='ltr' id='par_1_3' title="bbox 305 789 1796 1383">
     <span class='ocr_line' id='line_1_8' title="bbox 953 789 1152 841; baseline -0.01 -9"><span class='ocrx_word' id='word_1_30' title='bbox 953 789 1152 841; x_wconf 72' lang='lat' dir='ltr'><strong>Gripus</strong></span> 
     </span>
     <span class='ocr_line' id='line_1_9' title="bbox 306 862 710 916; baseline -0.002 -12"><span class='ocrx_word' id='word_1_31' title='bbox 306 862 421 913; x_wconf 82' lang='lat' dir='ltr'><strong>Quid</strong></span> <span class='ocrx_word' id='word_1_32' title='bbox 452 862 710 916; x_wconf 81' lang='lat' dir='ltr'><strong>perdidisti?</strong></span> 
     </span>
     <span class='ocr_line' id='line_1_10' title="bbox 949 932 1158 974; baseline 0 -1"><span class='ocrx_word' id='word_1_33' title='bbox 949 932 1158 974; x_wconf 66' lang='lat' dir='ltr'><strong>Labi-am</strong></span> 
     </span>
     <span class='ocr_line' id='line_1_11' title="bbox 646 1004 1793 1058; baseline 0.002 -11"><span class='ocrx_word' id='word_1_34' title='bbox 646 1004 850 1047; x_wconf 88' lang='lat' dir='ltr'><strong>Uidulum</strong></span> <span class='ocrx_word' id='word_1_35' title='bbox 883 1018 980 1046; x_wconf 89' lang='lat' dir='ltr'><strong>cum</strong></span> <span class='ocrx_word' id='word_1_36' title='bbox 1012 1018 1116 1045; x_wconf 81' lang='lat' dir='ltr'><strong>auro</strong></span> <span class='ocrx_word' id='word_1_37' title='bbox 1149 1008 1280 1058; x_wconf 84' lang='lat' dir='ltr'><strong>atque</strong></span> <span class='ocrx_word' id='word_1_38' title='bbox 1312 1011 1492 1058; x_wconf 78' lang='lat' dir='ltr'><strong>argento</strong></span> <span class='ocrx_word' id='word_1_39' title='bbox 1524 1006 1672 1047; x_wconf 89' lang='lat' dir='ltr'><strong>multo.</strong></span> <span class='ocrx_word' id='word_1_40' title='bbox 1708 1018 1793 1051; x_wconf 80' lang='lat'>1296</span> 
     </span>
     <span class='ocr_line' id='line_1_12' title="bbox 955 1094 1151 1146; baseline -0.005 -9"><span class='ocrx_word' id='word_1_41' title='bbox 955 1094 1151 1146; x_wconf 67' lang='lat' dir='ltr'><strong>Gripus</strong></span> 
     </span>
     <span class='ocr_line' id='line_1_13' title="bbox 308 1167 1726 1222; baseline 0.001 -13"><span class='ocrx_word' id='word_1_42' title='bbox 308 1168 475 1222; x_wconf 89' lang='lat' dir='ltr'><strong>Ecquid</strong></span> <span class='ocrx_word' id='word_1_43' title='bbox 507 1169 740 1210; x_wconf 80' lang='lat' dir='ltr'><strong>meministi</strong></span> <span class='ocrx_word' id='word_1_44' title='bbox 771 1168 814 1208; x_wconf 90' lang='lat' dir='ltr'><strong>in</strong></span> <span class='ocrx_word' id='word_1_45' title='bbox 847 1167 995 1208; x_wconf 91' lang='lat' dir='ltr'><strong>uidulo</strong></span> <span class='ocrx_word' id='word_1_46' title='bbox 1029 1167 1103 1220; x_wconf 87' lang='lat' dir='ltr'><strong>qui</strong></span> <span class='ocrx_word' id='word_1_47' title='bbox 1134 1167 1264 1220; x_wconf 82' lang='lat' dir='ltr'><strong>periit</strong></span> <span class='ocrx_word' id='word_1_48' title='bbox 1295 1167 1397 1221; x_wconf 84' lang='lat' dir='ltr'><strong>quid</strong></span> <span class='ocrx_word' id='word_1_49' title='bbox 1430 1167 1490 1209; x_wconf 91' lang='lat' dir='ltr'><strong>ibi</strong></span> <span class='ocrx_word' id='word_1_50' title='bbox 1521 1168 1726 1210; x_wconf 79' lang='lat' dir='ltr'><strong>infuerit?</strong></span> 
     </span>
     <span class='ocr_line' id='line_1_14' title="bbox 953 1256 1163 1298; baseline 0.005 -1"><span class='ocrx_word' id='word_1_51' title='bbox 953 1256 1163 1298; x_wconf 75' lang='lat' dir='ltr'><strong>Labrax</strong></span> 
     </span>
     <span class='ocr_line' id='line_1_15' title="bbox 305 1328 1796 1383; baseline 0 -11"><span class='ocrx_word' id='word_1_52' title='bbox 305 1330 418 1381; x_wconf 80' lang='lat' dir='ltr'><strong>Quid</strong></span> <span class='ocrx_word' id='word_1_53' title='bbox 450 1329 593 1381; x_wconf 77' lang='lat' dir='ltr'>refert,</span> <span class='ocrx_word' id='word_1_54' title='bbox 625 1331 697 1383; x_wconf 85' lang='lat' dir='ltr'><strong>qui</strong></span> <span class='ocrx_word' id='word_1_55' title='bbox 729 1330 859 1383; x_wconf 82' lang='lat' dir='ltr'><strong>periit</strong></span> <span class='ocrx_word' id='word_1_56' title='bbox 889 1329 1062 1371; x_wconf 77' lang='lat' dir='ltr'><strong>tamen?</strong></span> <span class='ocrx_word' id='word_1_57' title='bbox 1135 1328 1235 1371; x_wconf 84' lang='lat' dir='ltr'><strong>Sine</strong></span> <span class='ocrx_word' id='word_1_58' title='bbox 1267 1329 1365 1381; x_wconf 91' lang='lat' dir='ltr'><strong>hoc;</strong></span> <span class='ocrx_word' id='word_1_59' title='bbox 1399 1330 1517 1372; x_wconf 84' lang='lat' dir='ltr'><strong>aliud</strong></span> <span class='ocrx_word' id='word_1_60' title='bbox 1542 1330 1796 1372; x_wconf 80' lang='lat' dir='ltr'><strong>fabulemur.</strong></span> 
     </span>
    </p>
   </div>
   <div class='ocr_carea' id='block_1_4' title="bbox 305 1419 1798 1713">
    <p class='ocr_par' dir='ltr' id='par_1_4' title="bbox 955 1419 1155 1472">
     <span class='ocr_line' id='line_1_16' title="bbox 955 1419 1155 1472; baseline 0.005 -12"><span class='ocrx_word' id='word_1_61' title='bbox 955 1419 1155 1472; x_wconf 75' lang='lat' dir='ltr'><strong>Gripus</strong></span> 
     </span>
    </p>

    <p class='ocr_par' dir='ltr' id='par_1_5' title="bbox 306 1491 1796 1628">
     <span class='ocr_line' id='line_1_17' title="bbox 306 1491 1796 1547; baseline 0 -13"><span class='ocrx_word' id='word_1_62' title='bbox 306 1491 433 1543; x_wconf 79' lang='lat' dir='ltr'><strong>Quid,</strong></span> <span class='ocrx_word' id='word_1_63' title='bbox 467 1493 503 1534; x_wconf 88' lang='lat' dir='ltr'><strong>si</strong></span> <span class='ocrx_word' id='word_1_64' title='bbox 535 1506 613 1546; x_wconf 89' lang='lat' dir='ltr'><strong>ego</strong></span> <span class='ocrx_word' id='word_1_65' title='bbox 645 1493 779 1535; x_wconf 85' lang='lat' dir='ltr'><strong>sciam</strong></span> <span class='ocrx_word' id='word_1_66' title='bbox 811 1493 884 1545; x_wconf 90' lang='lat' dir='ltr'><strong>qui</strong></span> <span class='ocrx_word' id='word_1_67' title='bbox 914 1492 1162 1533; x_wconf 77' lang='lat' dir='ltr'><strong>inuenerit?</strong></span> <span class='ocrx_word' id='word_1_68' title='bbox 1224 1492 1331 1534; x_wconf 92' lang='lat' dir='ltr'><strong>Uolo</strong></span> <span class='ocrx_word' id='word_1_69' title='bbox 1365 1506 1415 1534; x_wconf 81' lang='lat' dir='ltr'><strong>ex</strong></span> <span class='ocrx_word' id='word_1_70' title='bbox 1446 1498 1488 1534; x_wconf 87' lang='lat' dir='ltr'><strong>te</strong></span> <span class='ocrx_word' id='word_1_71' title='bbox 1520 1494 1628 1534; x_wconf 82' lang='lat' dir='ltr'><strong>scire</strong></span> <span class='ocrx_word' id='word_1_72' title='bbox 1661 1494 1796 1547; x_wconf 75' lang='lat' dir='ltr'><strong>signa.</strong></span> 
     </span>
     <span class='ocr_line' id='line_1_18' title="bbox 949 1586 1165 1628; baseline 0 0"><span class='ocrx_word' id='word_1_73' title='bbox 949 1586 1165 1628; x_wconf 74' lang='lat' dir='ltr'><strong>Labrax</strong></span> 
     </span>
    </p>

    <p class='ocr_par' dir='ltr' id='par_1_6' title="bbox 305 1658 1798 1713">
     <span class='ocr_line' id='line_1_19' title="bbox 305 1658 1798 1713; baseline 0.002 -13"><span class='ocrx_word' id='word_1_74' title='bbox 305 1659 477 1701; x_wconf 89' lang='lat' dir='ltr'><strong>Nummi</strong></span> <span class='ocrx_word' id='word_1_75' title='bbox 510 1660 746 1712; x_wconf 80' lang='lat' dir='ltr'><strong>octingenti</strong></span> <span class='ocrx_word' id='word_1_76' title='bbox 779 1660 900 1700; x_wconf 84' lang='lat' dir='ltr'><strong>aurei</strong></span> <span class='ocrx_word' id='word_1_77' title='bbox 931 1660 976 1699; x_wconf 75' lang='lat' dir='ltr'><strong>in</strong></span> <span class='ocrx_word' id='word_1_78' title='bbox 1008 1660 1257 1713; x_wconf 82' lang='lat' dir='ltr'><strong>marsuppio</strong></span> <span class='ocrx_word' id='word_1_79' title='bbox 1289 1658 1522 1710; x_wconf 69' lang='lat' dir='ltr'><strong>insum-unt,</strong></span> <span class='ocrx_word' id='word_1_80' title='bbox 1711 1671 1798 1704; x_wconf 70' lang='grc'>1300</span> 
     </span>
    </p>
   </div>
   <div class='ocr_carea' id='block_1_5' title="bbox 307 1731 1676 1784">
    <p class='ocr_par' dir='ltr' id='par_1_7' title="bbox 307 1731 1676 1784">
     <span class='ocr_line' id='line_1_20' title="bbox 307 1731 1676 1784; baseline 0 -13"><span class='ocrx_word' id='word_1_81' title='bbox 307 1731 541 1773; x_wconf 84' lang='lat' dir='ltr'><strong>Praeterea</strong></span> <span class='ocrx_word' id='word_1_82' title='bbox 571 1736 743 1773; x_wconf 89' lang='lat' dir='ltr'><strong>centum</strong></span> <span class='ocrx_word' id='word_1_83' title='bbox 774 1731 935 1772; x_wconf 89' lang='lat' dir='ltr'><strong>nummi</strong></span> <span class='ocrx_word' id='word_1_84' title='bbox 968 1731 1181 1783; x_wconf 78' lang='lat' dir='ltr'><strong>Philippei</strong></span> <span class='ocrx_word' id='word_1_85' title='bbox 1212 1731 1257 1772; x_wconf 88' lang='lat' dir='ltr'><strong>in</strong></span> <span class='ocrx_word' id='word_1_86' title='bbox 1291 1731 1490 1784; x_wconf 83' lang='lat' dir='ltr'>pasceolo</span> <span class='ocrx_word' id='word_1_87' title='bbox 1523 1745 1676 1773; x_wconf 82' lang='lat' dir='ltr'><strong>sersus,</strong></span> 
     </span>
    </p>
   </div>
   <div class='ocr_carea' id='block_1_6' title="bbox 304 1809 1798 2454">
    <p class='ocr_par' dir='ltr' id='par_1_8' title="bbox 307 1809 1687 2080">
     <span class='ocr_line' id='line_1_21' title="bbox 953 1809 1154 1862; baseline -0.01 -11"><span class='ocrx_word' id='word_1_88' title='bbox 953 1809 1154 1862; x_wconf 63' lang='lat' dir='ltr'><strong>Gripus</strong></span> 
     </span>
     <span class='ocr_line' id='line_1_22' title="bbox 309 1881 1633 1937; baseline -0.002 -13"><span class='ocrx_word' id='word_1_89' title='bbox 309 1883 465 1936; x_wconf 84' lang='lat' dir='ltr'><strong>Magna</strong></span> <span class='ocrx_word' id='word_1_90' title='bbox 494 1882 638 1924; x_wconf 86' lang='lat' dir='ltr'><strong>hercle</strong></span> <span class='ocrx_word' id='word_1_91' title='bbox 670 1883 899 1937; x_wconf 80' lang='lat' dir='ltr'><strong>praedast3</strong></span> <span class='ocrx_word' id='word_1_92' title='bbox 931 1882 1112 1935; x_wconf 83' lang='lat' dir='ltr'><strong>largiter</strong></span> <span class='ocrx_word' id='word_1_93' title='bbox 1144 1881 1354 1923; x_wconf 81' lang='lat' dir='ltr'><strong>mercedis</strong></span> <span class='ocrx_word' id='word_1_94' title='bbox 1386 1882 1633 1936; x_wconf 83' lang='lat' dir='ltr'><strong>indipiscar.</strong></span> 
     </span>
     <span class='ocr_line' id='line_1_23' title="bbox 307 1953 1639 2008; baseline -0.001 -12"><span class='ocrx_word' id='word_1_95' title='bbox 307 1954 361 1996; x_wconf 91' lang='lat' dir='ltr'><strong>Di</strong></span> <span class='ocrx_word' id='word_1_96' title='bbox 394 1955 586 1996; x_wconf 90' lang='lat' dir='ltr'><strong>homines</strong></span> <span class='ocrx_word' id='word_1_97' title='bbox 617 1955 880 2008; x_wconf 82' lang='lat' dir='ltr'><strong>respiciunt;</strong></span> <span class='ocrx_word' id='word_1_98' title='bbox 911 1954 1020 1996; x_wconf 90' lang='lat' dir='ltr'><strong>bene</strong></span> <span class='ocrx_word' id='word_1_99' title='bbox 1051 1968 1128 2007; x_wconf 85' lang='lat' dir='ltr'><strong>ego</strong></span> <span class='ocrx_word' id='word_1_100' title='bbox 1160 1953 1260 1994; x_wconf 88' lang='lat' dir='ltr'><strong>hinc</strong></span> <span class='ocrx_word' id='word_1_101' title='bbox 1292 1953 1524 2007; x_wconf 78' lang='lat' dir='ltr'><strong>praeclatus</strong></span> <span class='ocrx_word' id='word_1_102' title='bbox 1556 1954 1639 1996; x_wconf 91' lang='lat' dir='ltr'><strong>ibo.</strong></span> 
     </span>
     <span class='ocr_line' id='line_1_24' title="bbox 309 2025 1687 2080; baseline -0.001 -12"><span class='ocrx_word' id='word_1_103' title='bbox 309 2026 508 2068; x_wconf 82' lang='lat' dir='ltr'>Profecto</span> <span class='ocrx_word' id='word_1_104' title='bbox 541 2026 668 2068; x_wconf 88' lang='lat' dir='ltr'><strong>huius</strong></span> <span class='ocrx_word' id='word_1_105' title='bbox 700 2031 765 2068; x_wconf 90' lang='lat' dir='ltr'><strong>est</strong></span> <span class='ocrx_word' id='word_1_106' title='bbox 794 2026 832 2066; x_wconf 71' lang='lat' dir='ltr'><strong>is</strong></span> <span class='ocrx_word' id='word_1_107' title='bbox 862 2026 1049 2067; x_wconf 82' lang='lat' dir='ltr'><strong>nidulus.</strong></span> <span class='ocrx_word' id='word_1_108' title='bbox 1111 2025 1244 2079; x_wconf 85' lang='lat' dir='ltr'>Perge</span> <span class='ocrx_word' id='word_1_109' title='bbox 1277 2025 1364 2067; x_wconf 84' lang='lat' dir='ltr'><strong>alia</strong></span> <span class='ocrx_word' id='word_1_110' title='bbox 1394 2031 1442 2067; x_wconf 89' lang='lat' dir='ltr'><strong>tu</strong></span> <span class='ocrx_word' id='word_1_111' title='bbox 1473 2026 1687 2080; x_wconf 81' lang='lat' dir='ltr'>expedire.</span> 
     </span>
    </p>

    <p class='ocr_par' dir='ltr' id='par_1_9' title="bbox 905 2104 1159 2159">
     <span class='ocr_line' id='line_1_25' title="bbox 905 2104 1159 2159; baseline 0.008 -14"><span class='ocrx_word' id='word_1_112' title='bbox 905 2154 911 2159; x_wconf 39' lang='lat'>‚</span> <span class='ocrx_word' id='word_1_113' title='bbox 951 2104 1159 2147; x_wconf 74' lang='lat' dir='ltr'><strong>Labrax</strong></span> 
     </span>
    </p>

    <p class='ocr_par' dir='ltr' id='par_1_10' title="bbox 304 2176 1798 2307">
     <span class='ocr_line' id='line_1_26' title="bbox 304 2176 1798 2230; baseline 0.001 -11"><span class='ocrx_word' id='word_1_114' title='bbox 304 2177 535 2219; x_wconf 82' lang='lat' dir='ltr'><strong>Talentum</strong></span> <span class='ocrx_word' id='word_1_115' title='bbox 559 2177 725 2228; x_wconf 77' lang='lat' dir='ltr'><strong>argenti</strong></span> <span class='ocrx_word' id='word_1_116' title='bbox 751 2176 1021 2219; x_wconf 85' lang='lat' dir='ltr'><strong>commodum</strong></span> <span class='ocrx_word' id='word_1_117' title='bbox 1041 2191 1240 2230; x_wconf 81' lang='lat' dir='ltr'><strong>magnum</strong></span> <span class='ocrx_word' id='word_1_118' title='bbox 1256 2177 1396 2218; x_wconf 85' lang='lat' dir='ltr'><strong>inerat</strong></span> <span class='ocrx_word' id='word_1_119' title='bbox 1413 2177 1455 2217; x_wconf 88' lang='lat' dir='ltr'><strong>iu</strong></span> <span class='ocrx_word' id='word_1_120' title='bbox 1472 2177 1677 2227; x_wconf 87' lang='lat' dir='ltr'><strong>crumina,</strong></span> <span class='ocrx_word' id='word_1_121' title='bbox 1715 2187 1798 2221; x_wconf 86' lang='lat'>1305</span> 
     </span>
     <span class='ocr_line' id='line_1_27' title="bbox 309 2248 1677 2307; baseline -0.001 -17"><span class='ocrx_word' id='word_1_122' title='bbox 309 2249 543 2292; x_wconf 81' lang='lat' dir='ltr'><strong>Praeterea</strong></span> <span class='ocrx_word' id='word_1_123' title='bbox 573 2250 704 2297; x_wconf 80' lang='lat' dir='ltr'><strong>sinus,</strong></span> <span class='ocrx_word' id='word_1_124' title='bbox 739 2249 987 2297; x_wconf 84' lang='lat' dir='ltr'><strong>cantharus,</strong></span> <span class='ocrx_word' id='word_1_125' title='bbox 1020 2249 1247 2307; x_wconf 73' lang='lat' dir='ltr'><strong>epichysis,</strong></span> <span class='ocrx_word' id='word_1_126' title='bbox 1280 2248 1448 2302; x_wconf 84' lang='lat' dir='ltr'><strong>gaulus,</strong></span> <span class='ocrx_word' id='word_1_127' title='bbox 1480 2248 1677 2302; x_wconf 84' lang='lat' dir='ltr'><strong>cyathus.</strong></span> 
     </span>
    </p>

    <p class='ocr_par' dir='ltr' id='par_1_11' title="bbox 308 2325 1528 2454">
     <span class='ocr_line' id='line_1_28' title="bbox 954 2325 1528 2381; baseline -0.003 -11"><span class='ocrx_word' id='word_1_128' title='bbox 954 2328 1158 2381; x_wconf 72' lang='lat' dir='ltr'><strong>Gripus</strong></span> <span class='ocrx_word' id='word_1_129' title='bbox 1523 2325 1528 2331; x_wconf 83' lang='lat'>&#39;</span> 
     </span>
     <span class='ocr_line' id='line_1_29' title="bbox 308 2399 1486 2454; baseline -0.001 -13"><span class='ocrx_word' id='word_1_130' title='bbox 308 2400 474 2454; x_wconf 83' lang='lat' dir='ltr'><strong>Papae!</strong></span> <span class='ocrx_word' id='word_1_131' title='bbox 509 2400 686 2442; x_wconf 85' lang='lat' dir='ltr'><strong>diuitias</strong></span> <span class='ocrx_word' id='word_1_132' title='bbox 717 2404 764 2441; x_wconf 91' lang='lat' dir='ltr'><strong>tu</strong></span> <span class='ocrx_word' id='word_1_133' title='bbox 797 2400 970 2454; x_wconf 87' lang='lat' dir='ltr'><strong>quidem</strong></span> <span class='ocrx_word' id='word_1_134' title='bbox 1004 2399 1196 2441; x_wconf 88' lang='lat' dir='ltr'><strong>habuisti</strong></span> <span class='ocrx_word' id='word_1_135' title='bbox 1229 2399 1486 2441; x_wconf 86' lang='lat' dir='ltr'><strong>luculentas.</strong></span> 
     </span>
    </p>
   </div>
   <div class='ocr_carea' id='block_1_7' title="bbox 315 2503 584 2507">
    <p class='ocr_par' dir='ltr' id='par_1_12' title="bbox 315 2503 584 2507">
     <span class='ocr_line' id='line_1_30' title="bbox 315 2503 584 2507; baseline 0 0"><span class='ocrx_word' id='word_1_136' title='bbox 315 2503 584 2507; x_wconf 95' lang='lat' dir='ltr'><strong> </strong></span> 
     </span>
    </p>
   </div>
   <div class='ocr_carea' id='block_1_8' title="bbox 309 2556 1802 2829">
    <p class='ocr_par' dir='ltr' id='par_1_13' title="bbox 309 2556 1802 2829">
     <span class='ocr_line' id='line_1_31' title="bbox 427 2556 1801 2600; baseline -0.001 -9"><span class='ocrx_word' id='word_1_137' title='bbox 427 2559 514 2593; x_wconf 81' lang='grc'>1294</span> <span class='ocrx_word' id='word_1_138' title='bbox 537 2558 629 2592; x_wconf 83' lang='lat' dir='ltr'><strong>mari</strong></span> <span class='ocrx_word' id='word_1_139' title='bbox 655 2561 690 2592; x_wconf 89' lang='lat' dir='ltr'><strong>et</strong></span> <span class='ocrx_word' id='word_1_140' title='bbox 715 2558 778 2592; x_wconf 82' lang='lat' dir='ltr'><strong>alii</strong></span> <span class='ocrx_word' id='word_1_141' title='bbox 862 2559 947 2592; x_wconf 80' lang='lat'>1295</span> <span class='ocrx_word' id='word_1_142' title='bbox 974 2557 1112 2592; x_wconf 75' lang='lat' dir='ltr'><strong>contra</strong></span> <span class='ocrx_word' id='word_1_143' title='bbox 1136 2557 1233 2592; x_wconf 81' lang='lat' dir='ltr'><strong>facta</strong></span> <span class='ocrx_word' id='word_1_144' title='bbox 1258 2561 1313 2591; x_wconf 88' lang='lat' dir='ltr'><strong>est</strong></span> <span class='ocrx_word' id='word_1_145' title='bbox 1395 2557 1473 2600; x_wconf 83' lang='lat' dir='ltr'><strong>quit</strong></span> <span class='ocrx_word' id='word_1_146' title='bbox 1499 2556 1579 2600; x_wconf 88' lang='lat' dir='ltr'><strong>quit</strong></span> <span class='ocrx_word' id='word_1_147' title='bbox 1605 2556 1638 2590; x_wconf 86' lang='lat' dir='ltr'><em>B</em></span> <span class='ocrx_word' id='word_1_148' title='bbox 1718 2557 1801 2590; x_wconf 84' lang='lat'>1297</span> 
     </span>
     <span class='ocr_line' id='line_1_32' title="bbox 309 2612 1802 2660; baseline -0.002 -11"><span class='ocrx_word' id='word_1_149' title='bbox 309 2614 457 2660; x_wconf 86' lang='lat' dir='ltr'><strong>Ecquid</strong></span> <span class='ocrx_word' id='word_1_150' title='bbox 485 2614 514 2649; x_wconf 82' lang='lat' dir='ltr'><em>O</em></span> <span class='ocrx_word' id='word_1_151' title='bbox 631 2615 729 2658; x_wconf 89' lang='lat' dir='ltr'><strong>perit</strong></span> <span class='ocrx_word' id='word_1_152' title='bbox 753 2615 834 2658; x_wconf 81' lang='lat' dir='ltr'><strong>quit</strong></span> <span class='ocrx_word' id='word_1_153' title='bbox 858 2613 902 2655; x_wconf 81' lang='grc' dir='ltr'><strong>Β,</strong></span> <span class='ocrx_word' id='word_1_154' title='bbox 930 2626 996 2659; x_wconf 88' lang='lat' dir='ltr'><strong>per</strong></span> <span class='ocrx_word' id='word_1_155' title='bbox 1021 2614 1059 2648; x_wconf 85' lang='lat' dir='ltr'><strong>id</strong></span> <span class='ocrx_word' id='word_1_156' title='bbox 1085 2615 1171 2658; x_wconf 83' lang='lat' dir='ltr'><strong>quid</strong></span> <span class='ocrx_word' id='word_1_157' title='bbox 1198 2614 1226 2649; x_wconf 81' lang='lat' dir='ltr'><em>C</em></span> <span class='ocrx_word' id='word_1_158' title='bbox 1350 2612 1492 2648; x_wconf 81' lang='lat' dir='ltr'><strong>infuere</strong></span> <span class='ocrx_word' id='word_1_159' title='bbox 1518 2613 1586 2647; x_wconf 83' lang='lat' dir='ltr'><strong>tibi</strong></span> <span class='ocrx_word' id='word_1_160' title='bbox 1718 2613 1802 2647; x_wconf 83' lang='lat'>1298</span> 
     </span>
     <span class='ocr_line' id='line_1_33' title="bbox 309 2668 1801 2715; baseline -0.001 -9"><span class='ocrx_word' id='word_1_161' title='bbox 309 2671 396 2715; x_wconf 80' lang='lat' dir='ltr'><strong>Quit</strong></span> <span class='ocrx_word' id='word_1_162' title='bbox 420 2670 455 2705; x_wconf 92' lang='lat' dir='ltr'><em>B</em></span> <span class='ocrx_word' id='word_1_163' title='bbox 541 2671 638 2715; x_wconf 84' lang='lat' dir='ltr'><strong>perit</strong></span> <span class='ocrx_word' id='word_1_164' title='bbox 661 2670 706 2715; x_wconf 58' lang='lat' dir='ltr'><strong>:1ss</strong></span> <span class='ocrx_word' id='word_1_165' title='bbox 730 2674 853 2705; x_wconf 79' lang='lat' dir='ltr'><strong>tamen</strong></span> <span class='ocrx_word' id='word_1_166' title='bbox 880 2672 909 2704; x_wconf 83' lang='lat' dir='ltr'><strong>si</strong></span> <span class='ocrx_word' id='word_1_167' title='bbox 937 2682 1011 2706; x_wconf 88' lang='lat' dir='ltr'><strong>non</strong></span> <span class='ocrx_word' id='word_1_168' title='bbox 1037 2671 1105 2705; x_wconf 88' lang='lat' dir='ltr'><strong>hoc</strong></span> <span class='ocrx_word' id='word_1_169' title='bbox 1198 2672 1282 2706; x_wconf 84' lang='lat'>1299</span> <span class='ocrx_word' id='word_1_170' title='bbox 1308 2669 1393 2714; x_wconf 82' lang='lat' dir='ltr'><strong>Quit</strong></span> <span class='ocrx_word' id='word_1_171' title='bbox 1416 2669 1452 2704; x_wconf 92' lang='lat' dir='ltr'><strong><em>B</em></strong></span> <span class='ocrx_word' id='word_1_172' title='bbox 1532 2671 1618 2705; x_wconf 88' lang='grc'>1300</span> <span class='ocrx_word' id='word_1_173' title='bbox 1643 2670 1737 2704; x_wconf 83' lang='lat' dir='ltr'><strong>aurii</strong></span> <span class='ocrx_word' id='word_1_174' title='bbox 1757 2668 1801 2711; x_wconf 91' lang='lat' dir='ltr'><strong>B,</strong></span> 
     </span>
     <span class='ocr_line' id='line_1_34' title="bbox 313 2727 1802 2772; baseline -0.002 -9"><span class='ocrx_word' id='word_1_175' title='bbox 313 2728 403 2763; x_wconf 85' lang='lat' dir='ltr'><strong>Auri</strong></span> <span class='ocrx_word' id='word_1_176' title='bbox 431 2727 460 2763; x_wconf 79' lang='grc' dir='ltr'><em>Ο</em></span> <span class='ocrx_word' id='word_1_177' title='bbox 524 2728 563 2762; x_wconf 90' lang='lat' dir='ltr'><strong>in</strong></span> <span class='ocrx_word' id='word_1_178' title='bbox 588 2737 652 2762; x_wconf 85' lang='lat' dir='ltr'><strong>om.</strong></span> <span class='ocrx_word' id='word_1_179' title='bbox 735 2729 815 2762; x_wconf 90' lang='lat'>1301</span> <span class='ocrx_word' id='word_1_180' title='bbox 845 2732 990 2762; x_wconf 82' lang='lat' dir='ltr'><strong>centum</strong></span> <span class='ocrx_word' id='word_1_181' title='bbox 1017 2739 1103 2762; x_wconf 85' lang='lat' dir='ltr'><strong>mna</strong></span> <span class='ocrx_word' id='word_1_182' title='bbox 1128 2728 1307 2772; x_wconf 76' lang='lat' dir='ltr'><strong>philippis</strong></span> <span class='ocrx_word' id='word_1_183' title='bbox 1386 2728 1470 2761; x_wconf 88' lang='lat'>1303</span> <span class='ocrx_word' id='word_1_184' title='bbox 1496 2737 1585 2771; x_wconf 84' lang='lat' dir='ltr'>ergo</span> <span class='ocrx_word' id='word_1_185' title='bbox 1611 2727 1646 2762; x_wconf 92' lang='lat' dir='ltr'><em>B</em></span> <span class='ocrx_word' id='word_1_186' title='bbox 1717 2727 1802 2761; x_wconf 87' lang='lat'>1304</span> 
     </span>
     <span class='ocr_line' id='line_1_35' title="bbox 310 2776 1800 2829; baseline -0.001 -11"><span class='ocrx_word' id='word_1_187' title='bbox 310 2785 340 2818; x_wconf 84' lang='lat' dir='ltr'><strong>is</strong></span> <span class='ocrx_word' id='word_1_188' title='bbox 366 2795 430 2821; x_wconf 86' lang='lat' dir='ltr'><strong>om.</strong></span> <span class='ocrx_word' id='word_1_189' title='bbox 517 2786 604 2820; x_wconf 89' lang='lat'>1305</span> <span class='ocrx_word' id='word_1_190' title='bbox 628 2776 738 2819; x_wconf 69' lang='lat' dir='ltr'><strong>inei-it</strong></span> <span class='ocrx_word' id='word_1_191' title='bbox 830 2786 916 2819; x_wconf 85' lang='lat'><strong>1306</strong></span> <span class='ocrx_word' id='word_1_192' title='bbox 942 2785 1113 2829; x_wconf 60' lang='lat' dir='ltr'><strong>epichisis</strong></span> <span class='ocrx_word' id='word_1_193' title='bbox 1140 2784 1339 2819; x_wconf 76' lang='lat' dir='ltr'><strong>cantharus</strong></span> <span class='ocrx_word' id='word_1_194' title='bbox 1365 2783 1490 2818; x_wconf 82' lang='lat' dir='ltr'><strong>caulus</strong></span> <span class='ocrx_word' id='word_1_195' title='bbox 1587 2784 1674 2818; x_wconf 80' lang='lat'>1307</span> <span class='ocrx_word' id='word_1_196' title='bbox 1700 2782 1800 2817; x_wconf 72' lang='lat' dir='ltr'><strong>Pavae</strong></span> 
     </span>
    </p>
   </div>
   <div class='ocr_carea' id='block_1_9' title="bbox 1861 0 2009 3218">
    <p class='ocr_par' dir='ltr' id='par_1_14' title="bbox 1861 0 2009 3218">
     <span class='ocr_line' id='line_1_36' title="bbox 1861 0 2009 3218; baseline 0 0"><span class='ocrx_word' id='word_1_197' title='bbox 1861 0 2009 3218; x_wconf 95' lang='lat' dir='ltr'><strong> </strong></span> 
     </span>
    </p>
   </div>
  </div>
 </body>
</html>
