2009 3218
389 196 471 235 498
1050 191 1210 227 Rudens.

390 320 496 371 apud
535 333 650 370 quem
689 320 932 369 deponatur,
979 321 1025 357 cf.
1062 321 1180 358 1005.
1222 320 1340 357 Mero.
1373 320 1466 356 727.
1507 339 1556 344 --
1597 319 1690 357 992.
1736 329 1872 358 Sanun

389 389 448 426 Fl.
479 407 534 413 —-
566 388 659 424 993.
692 383 980 434 Elleborosus,
1011 389 1184 434 insanus,
1225 400 1261 424 v.
1296 387 1345 423 ad
1377 387 1492 424 Most.
1526 387 1620 424 934.
1679 383 1871 434 cerritu-5³,

387 469 423 494 v.
456 456 505 493 ad
536 454 676 504 Amph.
710 456 804 492 769.
878 455 1022 493 Versus
1062 468 1197 501 causa,
1239 467 1286 491 ne
1327 455 1564 504 corripiatur
1608 452 1774 500 „hunc“,
1811 454 1869 492 Fl.

392 524 509 572 „Sum
547 520 825 569 elleborosus“‚
865 523 999 561 Muell.
1032 537 1116 561 cum
1156 523 1241 560 aliis
1277 519 1378 568 „At“
1423 521 1519 569 del.,
1566 522 1698 565 Lucas>
1723 521 1871 561 olchin.

392 587 595 640 „mittam“
628 594 673 627 ut
706 591 831 636 1002,
873 603 991 640 quum
1022 587 1209 628 amittam
1239 590 1482 639 frequentius
1521 590 1594 635 sit,
1641 602 1676 626 v.
1709 589 1758 626 ad
1787 589 1870 627 Mil.

394 660 518 705 1090,
566 658 655 695 add.
694 658 813 695 Poen.
852 659 944 696 341.
985 678 1038 684 -
1079 659 1172 696 994.
1212 654 1402 706 colaphos
1432 652 1687 703 abstrudam,
1725 669 1874 706 pugnos

388 728 609 764 immittam.
652 746 699 752 -
744 727 836 764 995.
876 722 943 764 hio
974 726 1011 764 te
1040 727 1170 773 Reiz.,
1211 725 1318 763 Brix.
1352 726 1490 762 maluit
1530 725 1636 772 „Iam
1669 721 1780 774 ego“.
1820 744 1875 751 —

388 791 606 844 peniculus
635 794 759 840 Reiz.,
792 794 838 831 cf.
872 794 920 831 ad
951 794 1055 832 Men.
1089 795 1154 831 77.
1189 814 1237 819 ——
1271 790 1404 843 quasi,
1435 796 1491 841 ut,
1523 806 1558 830 v.
1593 792 1641 830 ad
1667 792 1751 830 Mil.
1781 793 1872 830 392.

389 883 443 888 —
466 858 660 912 exuryeri
682 861 786 899 Cam.
811 882 865 888 --
890 864 983 900 99¹7.
1008 858 1198 911 polypos,
1232 860 1456 911 octopodaS‚
1489 875 1536 898 ne
1567 860 1684 899 hodie
1719 860 1875 910 quidem

388 932 464 969 nisi
491 932 720 980 frequenter
750 933 789 968 et
817 930 1070 969 vehementer
1100 930 1150 967 ad
1179 932 1322 967 terram
1355 928 1522 975 afflictos
1553 928 1684 966 edunt.
1751 929 1876 967 Huius

388 1000 492 1037 vocis
514 1000 681 1048 primam
704 998 894 1047 syllabam
918 1011 1072 1048 semper
1093 998 1248 1048 longam
1273 1010 1366 1044 esse,
1400 997 1681 1035 animadvertit
1705 996 1873 1035 Meinek.
1929 1020 1943 1042 ,.-
2004 995 2009 1038 ’.

389 1067 438 1105 ad
471 1066 566 1104 Hor.
597 1066 678 1104 Sat.
710 1067 739 1114 I,
774 1067 809 1112 3,
843 1067 915 1112 403
949 1066 995 1104 cf.
1027 1066 1116 1103 Aul.
1154 1067 1243 1103 191.
1275 1085 1331 1090 —
1363 1066 1455 1103 999.
1494 1059 1685 1111 frunisci,
1717 1065 1807 1113 frui,
1838 1078 1873 1103 v.

389 1135 489 1173 Gell.
521 1134 652 1182 XVII,
687 1135 731 1181 2,
774 1138 794 1172 5
828 1147 914 1184 sqq.
952 1155 1007 1159 —
1048 1135 1168 1171 1000.
1215 1127 1421 1181 offlectam
1451 1143 1610 1172 nauem.
1671 1133 1876 1171 Trachalio

391 1203 553 1240 alteram
584 1202 763 1239 rudentis
794 1206 947 1252 partem
978 1203 1154 1239 retinens
1184 1202 1241 1239 ita
1280 1215 1321 1239 se
1354 1205 1499 1248 movet,
1544 1205 1588 1239 ut
1617 1200 1739 1251 Gripo
1775 1201 1877 1239 viam

389 1270 638 1309 intercludat.
714 1267 788 1307 Hic
825 1271 866 1307 in
907 1271 1042 1308 eadem
1089 1270 1347 1307 similitudine
1387 1283 1545 1307 manens
1583 1268 1876 1307 Trachalionem

390 1341 446 1376 ait
466 1338 684 1387 proretam
714 1351 817 1386 esse,
863 1340 888 1376 i.
920 1352 949 1375 e.
980 1351 1108 1388 prorae
1147 1337 1363 1376 custodiam
1405 1325 1548 1376 habere
1586 1338 1755 1387 indeque
1785 1349 1876 1387 pro-

388 1408 538 1458 spicere
577 1406 756 1456 (πρωρεύς
786 1407 847 1461 vel
879 1408 1067 1457 πρωράτης
1098 1405 1245 1443 Graecis
1277 1394 1373 1456 est),
1416 1420 1457 1444 se
1497 1407 1538 1444 in
1576 1407 1702 1456 puppi
1737 1400 1878 1455 yuber·

387 1475 575 1514 nectorem
615 1472 870 1525 (πρυμνήτην).
906 1495 958 1517 ἡ
1008 1476 1126 1512 1002.
1174 1472 1331 1513 rudens
1377 1475 1481 1524 apud
1521 1475 1760 1524 posteriores
1801 1473 1910 1524 pri-·
1981 1479 1991 1521 ι

388 1557 490 1581 mam
535 1543 692 1580 brevem
739 1543 882 1580 habere
927 1543 1050 1589 solet3
1098 1543 1297 1592 quomodo
1341 1542 1503 1580 Plautus
1548 1542 1878 1592 pronuntiaverit,

387 1613 581 1649 incertum
613 1615 684 1659 est,
729 1611 775 1649 cf.
810 1613 912 1658 926,
949 1612 1068 1649 1018.
1131 1610 1189 1648 Fi.
1226 1609 1377 1660 „nunc“
1421 1610 1604 1648 addebat.
1657 1630 1705 1636 —
1759 1611 1877 1649 1003.

388 1679 596 1730 ramenta,
642 1680 803 1716 minima
842 1683 955 1729 parte
996 1681 1172 1728 argenti,
1215 1693 1251 1717 v.
1284 1679 1332 1717 ad
1364 1679 1503 1717 Bacch.
1539 1680 1632 1717 511.
1665 1698 1716 1704 —
1762 1679 1880 1716 1005.

389 1748 489 1785 Gell.
522 1747 609 1793 XX,
648 1749 710 1794 11,
745 1750 787 1785 5:
838 1747 969 1796 „quod
1000 1748 1105 1798 apud
1136 1751 1381 1797 sequestrum
1415 1748 1637 1797 depositum
1677 1749 1782 1793 erat,
1822 1756 1880 1784 se-

389 1816 555 1866 questro
577 1813 771 1864 positum
800 1828 872 1865 per
903 1816 1133 1853 adverbium
1167 1814 1388 1854 dicebant“.
1458 1816 1581 1852 Immo
1614 1815 1746 1852 dativo
1778 1827 1879 1852 casu.

390 1904 446 1908 —
489 1885 606 1922 1006.
660 1879 857 1932 Quemne,
905 1883 953 1920 cf.
989 1884 1081 1921 271.
1136 1903 1180 1908 ν-
1226 1884 1321 1921 Post
1351 1881 1458 1922 mari
1489 1884 1620 1920 hiatur
1655 1884 1697 1920 in
1734 1886 1882 1921 mutata

390 1965 568 2002 persona.
645 1951 846 1989 Sententia
885 1953 1065 2002 proximo
1111 1966 1227 1991 versu
1272 1953 1537 1990 continuatur.
1613 1951 1726 1989 Hunc
1771 1950 1881 1988 affert

390 2020 541 2057 Nonius
571 2033 609 2069 p.
644 2020 742 2057 533:
796 2033 907 2066 „mea
946 2033 1066 2070 opera
1103 2020 1284 2058 laborare
1323 2025 1362 2057 et
1392 2025 1474 2057 rete
1506 2025 1545 2056 et
1576 2017 1726 2057 horia“.
1796 2019 1880 2056 Pri-

390 2089 509 2125 scian.
540 2087 613 2124 VII
644 2101 680 2137 p.
710 2089 807 2126 759:
847 2101 956 2134 „mea
988 2101 1108 2138 opera
1139 2091 1179 2126 et
1208 2093 1290 2126 rete
1322 2092 1360 2125 et
1389 2087 1551 2125 horea‘².
1577 2107 1632 2113 -—
1661 2089 1779 2126 1009.
1809 2082 1881 2135 fur

389 2166 481 2193 sum
512 2155 621 2202 edd-3
654 2155 824 2205 Langen.
859 2156 981 2195 Beitr.
1013 2169 1050 2206 p.
1085 2158 1134 2194 50
1173 2158 1290 2203 ,‚sim“
1327 2156 1517 2207 postulat,
1549 2156 1706 2204 frustra,
1739 2169 1809 2193 nec
1837 2155 1878 2192 in

390 2227 476 2262 toto
516 2223 617 2261 libro
656 2223 871 2273 quidquam
910 2225 1061 2262 auctori
1099 2226 1226 2262 minus
1265 2226 1496 2262 successisse
1541 2224 1719 2271 videtur,
1765 2235 1879 2274 quam

392 2305 476 2341 quae
509 2293 556 2329 de
587 2291 851 2341 hypotheticis
882 2293 1088 2330 sententiis
1114 2294 1218 2342 apud
1243 2293 1428 2330 Plautum
1452 2293 1640 2343 disputat.
1699 2291 1754 2330 Ut
1779 2291 1879 2329 enim

391 2360 554 2397 Plautus
586 2360 802 2407 interdum,
847 2360 914 2398 ubi
954 2362 1020 2398 alii
1057 2363 1269 2411 scriptores
1305 2361 1558 2411 hypothetice
1589 2361 1709 2397 locuti
1739 2363 1877 2406 essent,

392 2428 624 2465 sententiam
658 2429 901 2478 simpliciter,
933 2443 1010 2467 non
1041 2442 1224 2479 expressa
1255 2429 1474 2480 hypothesi,
1506 2429 1671 2479 profert,
1695 2431 1739 2465 ut
1760 2438 1879 2477 supra

397 2497 471 2533 189
505 2509 584 2545 sq.:
621 2496 738 2543 „mihi
769 2497 873 2533 haud
905 2497 1031 2535 labori
1063 2501 1123 2534 est
1154 2497 1329 2535 laborem
1361 2497 1462 2534 hunc
1492 2498 1625 2546 potiri,
1657 2497 1691 2534 si
1721 2509 1780 2534 me
1807 2497 1877 2533 im·

391 2563 540 2614 piaui“,
585 2565 641 2601 ita
679 2576 755 2616 non
793 2578 896 2605 raro,
943 2566 1010 2603 ubi
1054 2566 1231 2615 protasia
1277 2566 1524 2602 coniunctivo
1572 2564 1686 2602 modo
1734 2563 1875 2614 posuit,

393 2633 584 2682 apodosin
615 2632 830 2669 indicativo
863 2633 1052 2682 adiungit,
1084 2648 1119 2671 v.
1154 2633 1203 2670 ad
1234 2633 1375 2683 Amph.
1410 2634 1502 2679 696,
1535 2632 1731 2670 interdum
1761 2632 1876 2669 etiam

394 2700 442 2738 ad
474 2700 695 2738 Graecorum
729 2713 892 2747 morem,
932 2714 1050 2750 quum
1082 2701 1266 2751 apodosis
1296 2705 1460 2752 propter
1491 2701 1758 2738 condicionem
1787 2711 1876 2738 con·

394 2770 567 2807 iunctivo
599 2769 713 2805 niodo
747 2773 932 2817 ponatur,
976 2771 1145 2818 protasis
1176 2770 1387 2807 indicativo
1419 2770 1638 2819 imperfecti
1668 2768 1874 2818 profertur,
