2009 3218
818 202 859 237 V.
889 204 1074 237 178—206.
1609 203 1690 244 427

218 336 305 374 118.
335 332 444 372 Fidei
476 332 723 371 dominorum
755 333 811 369 ait
841 332 1071 382 exprobrari
1103 327 1407 379 inpudicitiam,
1448 331 1470 367 i.
1500 344 1530 367 e.
1564 331 1689 379 impu·

211 403 398 449 dentiam,
438 416 472 440 v.
505 400 554 438 ad
584 400 725 451 Amph.
759 401 851 438 920.
920 399 1074 437 Domini
1117 400 1364 449 impudenter
1395 398 1494 436 bona
1523 399 1688 449 promit·

211 475 310 517 tunt,
341 470 442 508 mala
465 469 573 507 dant.
600 488 648 494 —
680 470 769 507 195.
802 465 891 506 Nec
914 464 1053 517 sabim·
1075 467 1289 517 queantur,
1322 480 1392 504 nec
1416 467 1515 514 cogi,
1548 466 1689 504 adduci

207 541 367 590 possint.
435 537 604 575 Verbum
641 535 788 586 „queo“
834 537 988 587 passiva
1028 537 1152 573 forma
1191 535 1282 585 poni
1324 535 1427 584 apud
1474 534 1688 573 infinitivos

206 607 349 658 passivi
381 609 544 652 constat,
577 620 612 643 v.
644 605 730 642 Ter.
765 605 857 643 Hec.
885 606 983 643 572:
1022 605 1169 651 „forma
1200 604 1240 640 in
1270 603 1442 640 tenebris
1472 603 1579 641 nosci
1610 616 1687 641 non

207 672 440 726 qmta.est“.
514 674 668 712 Lucret.
701 673 730 720 I,
769 674 892 712 1045:
939 673 1052 721 „dum
1094 671 1268 722 suppleri
1299 684 1449 708 summa
1479 669 1686 721 queatur“.

206 744 253 782 al.
311 742 418 781 Neue
450 742 646 780 Formenl.
674 741 709 779 II
734 755 771 793 p.
798 742 891 779 609.
953 740 1142 779 Similiter
1177 738 1407 789 „nequitur“
1444 738 1544 777 Rud.
1568 740 1685 778 1051.

204 812 295 851 Sall.
326 811 410 860 Iug.
444 812 507 857 31,
541 811 578 848 8.
649 808 879 860 ,‚p0testur“
914 824 949 848 v.
983 809 1089 846 Neue
1119 809 1145 846 l.
1177 808 1202 845 l.
1234 821 1272 858 p.
1308 808 1400 845 603.
1468 806 1528 844 Ex
1559 807 1685 845 adiec-

203 882 283 919 tivo
313 875 410 918 erili
439 879 599 916 auditur
629 879 846 916 subiectum
881 874 1005 924 ‚,eri“,
1044 891 1078 915 v.
1114 876 1162 914 ad
1193 875 1278 913 Mil.
1315 876 1405 913 187.
1443 895 1497 901 —-
1526 885 1607 924 pro
1640 885 1686 914 ea

201 945 282 998 fide
311 951 399 986 cett.
432 947 620 985 Dominos
659 947 714 983 ait
752 959 960 995 numquam
998 945 1045 982 de
1076 944 1152 983 fide
1183 957 1254 982 sua
1284 943 1435 982 iudices
1466 943 1683 992 habituros,

203 1029 407 1066 numquam
445 1015 493 1053 de
530 1014 606 1053 fide
645 1029 715 1053 sua
752 1014 940 1052 iudicium
980 1014 1065 1052 fieri
1097 1025 1293 1065 passuros.
1371 1012 1685 1062 Exspectabatur

201 1086 320 1134 igitur
361 1082 456 1131 ‚,de“
499 1086 544 1121 ut
583 1082 658 1120 Cic.
700 1096 737 1133 p.
771 1082 908 1121 Caecin.
952 1084 1013 1130 17,
1054 1083 1126 1121 48:
1178 1083 1284 1132 „Age
1323 1093 1438 1128 vero,
1479 1080 1527 1118 de
1566 1082 1604 1118 vi
1644 1084 1684 1119 te

201 1154 324 1204 ipsum
369 1152 518 1190 habebo
563 1149 771 1189 iudicem“.
852 1160 936 1200 pro
988 1150 1124 1188 eadem
1177 1151 1331 1188 ratione
1384 1148 1461 1187 dici
1512 1149 1681 1198 videtur,

201 1235 275 1271 qua
318 1220 461 1258 dicitur
512 1221 723 1268 „iudicium
770 1233 842 1270 pro
887 1218 1034 1258 socio“.
1088 1239 1142 1244 -—
1202 1219 1292 1256 196.
1346 1227 1417 1268 690
1462 1218 1574 1257 Acid.
1629 1239 1684 1245 —

203 1289 277 1337 „Et
319 1289 387 1326 has
438 1285 626 1326 tabellas“
675 1288 811 1326 Muell.
865 1308 920 1314 —-
978 1289 1069 1326 197.
1115 1282 1427 1326 Lemniselenae
1472 1286 1598 1335 Cam.,
1645 1302 1681 1326 v.

199 1370 314 1407 supra
338 1370 376 1407 p.
402 1358 495 1396 415.
522 1377 576 1382 —
605 1358 695 1395 198.
735 1352 872 1403 Cesso,
904 1370 940 1394 v.
966 1356 1013 1394 ad
1038 1357 1126 1394 Aul.
1156 1357 1248 1394 389.
1284 1375 1337 1379 —
1369 1354 1509 1392 Versui
1539 1357 1681 1407 imper·

198 1426 298 1464 fecto
327 1425 516 1475 ljsendijk
555 1425 684 1463 addit:
735 1425 837 1473 „Sed
868 1426 954 1475 quis
986 1425 1047 1462 hic
1086 1427 1156 1472 est,
1196 1436 1308 1474 quem
1348 1426 1476 1461 astare
1508 1423 1676 1463 uideo?“

197 1514 252 1520 —
285 1495 373 1533 199.
406 1490 438 1532 Ι
460 1503 572 1541 Sane,
616 1494 683 1532 cfr.
719 1495 810 1532 571.
851 1494 900 1532 ad
932 1495 1041 1531 Asin.
1075 1494 1168 1531 461.
1230 1492 1326 1530 Post
1361 1491 1500 1540 ,‚sane“
1536 1493 1680 1533 hiatus.

197 1562 328 1601 Muell.
365 1566 429 1610 „et
459 1559 570 1613 ego“.
607 1582 654 1587 --
688 1572 785 1601 cura
817 1563 904 1600 edd.
938 1582 992 1587 ——-
1024 1563 1117 1600 200.
1149 1557 1366 1609 curriculo,
1399 1575 1532 1612 cursu,
1565 1577 1601 1602 v.
1634 1568 1684 1607 ad

196 1630 311 1668 Most.
353 1632 446 1669 354.
484 1651 538 1656 ——
585 1626 738 1669 Passer
777 1629 983 1678 marium,
1030 1632 1086 1669 ait
1122 1631 1230 1669 Fest.
1262 1630 1370 1681 Epit.
1401 1644 1439 1681 p.
1473 1632 1575 1681 222,
1622 1639 1683 1674 est

196 1712 309 1750 quem
353 1702 467 1737 vocat
511 1700 651 1749 vulgus
697 1699 1069 1747 struthocamelum3
1115 1695 1308 1738 marinus
1346 1703 1494 1748 autem,
1542 1705 1587 1740 ut
1626 1705 1683 1742 ait

195 1766 376 1818 Scaliger,
407 1771 466 1805 est
495 1768 728 1818 peregrinus
760 1772 801 1805 et
831 1769 1128 1816 ultramarinus,
1159 1768 1374 1810 διαπόντιος.

305 1837 524 1874 201-203
551 1837 744 1874 octonarii
770 1836 980 1884 trochaici3
1013 1837 1155 1886 reliqui
1178 1837 1404 1886 septenarii.
1464 1833 1564 1876 Illic
1587 1835 1682 1878 him:

194 1899 294 1948 abiit,
321 1904 381 1951 R„
414 1917 492 1955 quo
524 1904 661 1942 ordine
687 1905 851 1943 Plautus
881 1905 996 1953 solet,
1030 1905 1076 1943 cf.
1104 1903 1219 1953 Seyff.
1238 1904 1348 1942 Stud.
1377 1919 1414 1956 p.
1435 1906 1485 1943 27
1511 1910 1593 1945 not.
1617 1908 1678 1947 18.

196 1973 286 2011 202.
319 1972 396 2019 est,
425 1969 653 2023 peculiaris
683 1973 756 2011 hoc
787 1973 922 2011 ordine
954 1973 1070 2011 Both.
1101 1993 1156 1998 —
1195 1974 1289 2011 203.
1331 1968 1430 2021 Quo,
1470 1974 1518 2011 ad
1550 1988 1678 2025 quam.

193 2040 461 2080 Proximorum
498 2041 676 2079 ordinem
715 2043 798 2079 siue
830 2042 1061 2079 necessitate
1094 2043 1262 2080 mutavit
1292 2041 1336 2080 R.
1375 2061 1423 2066 —
1457 2043 1549 2081 204.
1585 2043 1678 2082 Ver-

195 2122 275 2147 sum
300 2110 477 2148 mutilum
501 2111 557 2148 sic
581 2111 820 2161 supplerunt
843 2110 934 2148 Pius
960 2113 999 2148 et
1022 2109 1291 2148 Camerarius:
1327 2109 1678 2158 „Commorandum

194 2180 254 2215 est
282 2178 374 2216 mihi
414 2179 518 2229 apud
556 2178 655 2216 hanc
694 2176 882 2226 obicem“,
916 2181 961 2215 ut
991 2177 1286 2229 Sophoclidisca
1316 2191 1401 2216 cum
1434 2179 1544 2217 obice
1577 2193 1678 2218 com-

193 2249 350 2294 paretur
389 2247 490 2284 viam
530 2247 789 2297 impediente,
836 2259 974 2297 parum
1017 2250 1126 2295 apte;
1150 2234 1156 2241 ⁴
1180 2258 1273 2294 ego:
1328 2242 1478 2285 obiecit
1519 2258 1680 2287 moram

192 2325 242 2351 sc.
274 2313 378 2351 mihi.
419 2333 475 2339 —-
517 2315 609 2352 205.
653 2312 822 2352 deliciae
844 2311 989 2363 pueri,
1032 2315 1078 2352 cf.
1114 2315 1205 2353 193.
1238 2329 1326 2352 ann.
1359 2315 1407 2352 ad
1439 2317 1548 2354 Asin.
1581 2318 1676 2355 470.

191 2399 245 2406 —
276 2382 366 2420 206.
401 2379 445 2420 di
475 2392 538 2420 me
570 2379 781 2420 (meabant.
843 2382 883 2420 Si
915 2382 1011 2419 nihil
1044 2382 1152 2420 aliud
1183 2382 1313 2420 dicere
1343 2384 1530 2422 voluisset
1561 2399 1676 2435 quam

191 2461 231 2486 se
260 2450 390 2487 valere
421 2454 460 2488 et
490 2450 652 2489 deorum
684 2452 814 2500 gratia
845 2451 934 2498 frui,
964 2452 1151 2501 praesenti
1182 2450 1360 2502 tempore
1394 2452 1576 2490 dixisset:
1613 2454 1677 2501 „di

191 2529 250 2554 me
265 2515 444 2567 amant“;
474 2519 543 2556 sed
562 2519 669 2557 aliud
687 2522 852 2568 spectat,
872 2532 949 2569 quo
976 2519 1156 2556 ancillam
1181 2519 1351 2557 ludibrio
1376 2519 1531 2558 habeat.
1579 2521 1676 2560 Nam

191 2586 300 2623 amici
345 2588 378 2624 si
416 2587 517 2624 inter
555 2600 596 2624 se
629 2587 780 2625 obviam
814 2586 926 2634 fiunt,
967 2586 1186 2625 salutantes
1229 2587 1292 2636 „di
1333 2591 1372 2625 te
1410 2587 1564 2626 ament“
1609 2593 1677 2628 ant

195 2652 424 2700 „amabunt“
461 2654 590 2693 dicere
620 2655 822 2702 solebant,
860 2668 896 2692 v.
934 2655 995 2692 16.
1066 2654 1129 2693 Sic
1158 2655 1231 2693 hoc
1260 2656 1344 2693 loco
1376 2656 1676 2706 exspectabatur

196 2719 259 2767 „di
288 2723 327 2759 te
358 2721 585 2771 amabunt“‚
618 2727 657 2761 et
686 2736 806 2773 quum
841 2723 949 2770 „me“
985 2722 1141 2770 dixerit,
1183 2723 1253 2760 illa
1287 2719 1399 2772 Quid
1427 2721 1520 2762 vhe?
1559 2727 1675 2763 inter-

191 2792 314 2838 rogat.
373 2789 470 2828 Tum
502 2791 591 2828 inde
623 2804 646 2828 a
676 2787 827 2840 Pylade
857 2795 897 2828 et
926 2789 1151 2828 camerario
1182 2790 1392 2829 edebatur:
1429 2791 1554 2839 „Quid
1586 2791 1674 2830 me?
