2009 3218
199 988 404 1055 Daemones
441 1017 690 1054 Atheniensis
728 1020 902 1066 egestate
943 1031 986 1054 ac
1027 1017 1154 1054 dolori
1197 1017 1336 1054 cedens
1376 1019 1506 1066 patria
1546 1020 1681 1056 relicta

197 1083 365 1134 Cyrenas
402 1085 639 1134 migraverat
677 1084 808 1133 ibique
849 1089 962 1122 extra
1000 1085 1134 1122 urbem
1182 1098 1306 1136 prope
1346 1086 1508 1124 Veneris
1560 1086 1681 1124 aedem

198 1165 329 1202 agrum
350 1153 554 1201 parvulum
581 1153 744 1190 colebat.
807 1152 989 1191 Dolorem
1017 1157 1145 1191 autem
1171 1158 1316 1202 praeter
1339 1154 1515 1191 fortunas
1538 1156 1682 1192 fractas

198 1233 242 1258 ex
271 1219 392 1258 filiola
422 1221 526 1257 furto
558 1221 690 1257 ablata
721 1222 927 1257 maximum
961 1225 1131 1271 ceperat.
1202 1221 1309 1258 Hanc
1340 1221 1428 1259 leno
1460 1227 1612 1260 emerat
1644 1227 1682 1259 et

196 1289 271 1326 iam
324 1289 495 1326 adultam
542 1288 704 1336 Cyrenis
756 1289 887 1326 alebat
934 1289 1160 1326 Palaestram
1208 1290 1466 1340 appellatam,
1523 1291 1683 1328 amabat

197 1359 326 1394 autem
365 1357 617 1406 Plesidippus
663 1357 890 1395 adolescens
927 1357 1192 1395 Atheniensis.
1267 1357 1304 1395 Is
1349 1372 1432 1396 eam
1479 1361 1520 1396 in
1566 1354 1681 1397 liber-

195 1428 312 1462 tatem
354 1425 629 1475 redempturus
666 1430 816 1473 partem
855 1427 973 1475 pretii
1014 1428 1089 1463 iam
1122 1426 1253 1464 lenoni
1284 1427 1476 1473 solverat,
1523 1431 1561 1464 et
1591 1442 1682 1466 con-

194 1495 370 1531 stitutum
403 1498 489 1531 erat
518 1498 562 1531 ut
593 1497 751 1544 postero
783 1493 856 1539 die,
889 1507 1007 1543 quum
1035 1495 1228 1544 reliquum
1257 1495 1458 1541 solvisset,
1492 1495 1681 1534 sacrificio

194 1561 294 1598 facto
341 1561 445 1611 apud
491 1562 613 1600 aedem
659 1563 820 1599 Veneris
865 1563 998 1612 puella
1037 1564 1072 1599 ei
1112 1562 1350 1600 traderetur.
1439 1563 1537 1601 Tum
1575 1565 1678 1610 leno,

196 1642 311 1680 quum
350 1631 385 1667 ei
423 1629 573 1668 Siculus
611 1631 768 1680 quidam
809 1645 926 1669 senex
962 1632 1171 1681 Agrigenti
1213 1631 1334 1669 multo
1375 1633 1501 1668 maius
1533 1632 1681 1669 lucrum

195 1698 276 1735 sore
316 1700 578 1748 promisisset.
626 1704 743 1737 noctu
790 1713 876 1737 cum
915 1699 1095 1737 omnibus
1135 1699 1251 1737 rebus
1289 1701 1368 1736 suis
1407 1713 1544 1737 navem
1584 1701 1682 1738 clam

196 1766 417 1805 ‘conscendit
454 1769 493 1804 in
533 1767 705 1805 Siciliam
737 1769 1004 1817 navigaturus
1074 1767 1148 1805 Sed
1191 1770 1254 1805 vix
1292 1769 1437 1806 evectis
1467 1772 1681 1818 tempestas

195 1836 359 1872 maxima
391 1840 523 1872 coorta
553 1850 688 1873 navem
721 1837 880 1886 frangit.
942 1836 1130 1873 Palaestra
1161 1836 1294 1885 puella
1324 1850 1402 1874 una
1427 1850 1514 1874 cum
1540 1838 1682 1875 ancilla

195 1914 263 1940 sua
292 1905 331 1941 in
359 1916 465 1940 oram
499 1905 618 1941 maris
649 1917 770 1954 prope
795 1904 955 1941 Veneris
987 1905 1109 1942 aedem
1134 1906 1344 1942 eiiciuntur
1369 1909 1409 1942 et
1433 1918 1454 1941 a
1480 1906 1681 1943 sacerdote

196 1983 268 2007 anu
300 1971 553 2020 recipiuntur.
615 1971 692 2010 Sed
731 1973 866 2010 eodem
904 1973 991 2010 leno
1032 1977 1072 2009 et
1110 1975 1194 2023 ipse
1236 1986 1255 2010 e
1285 1972 1469 2010 fluctibus
1501 1978 1681 2011 servatus

195 2039 300 2076 venit
337 2039 564 2090 puellasque
603 2054 709 2078 aram
750 2042 949 2091 amplexas
988 2042 1166 2091 abripere
1207 2045 1391 2087 conatur,
1440 2041 1565 2079 donec
1595 2041 1678 2079 Dae-

196 2119 325 2144 mones
355 2109 503 2146 vicinus
534 2109 729 2160 supplices
760 2110 944 2156 vindicat,
977 2115 1015 2146 et
1044 2109 1296 2159 Plesidippus
1323 2109 1567 2156 adulescens,
1601 2111 1679 2160 qui.¹

196 2187 311 2224 quum
349 2175 523 2214 lenonem
564 2177 759 2225 aufugisse
798 2179 999 2224 sensisset,
1045 2182 1174 2214 tamen
1213 2190 1261 2214 ne
1293 2177 1513 2227 'quidquam
1552 2179 1678 2216 inten-

195 2246 318 2281 tatum
348 2244 607 2294 relinqueret,
654 2245 701 2282 ad
736 2245 898 2284 Veneris
930 2246 1068 2292 aedem‚
1118 2258 1194 2295 quo
1234 2245 1283 2282 ad
1322 2244 1553 2283 sacrificium
1594 2259 1681 2284 con-

196 2310 392 2359 dixerant,
433 2327 473 2351 se
503 2314 686 2359 contulit,
727 2327 843 2352 manu
882 2316 1025 2352 iniecta
1057 2314 1289 2352 sceleratum
1320 2313 1518 2351 hominem
1550 2315 1589 2351 in
1620 2316 1680 2352 ius

196 2381 310 2430 rapit.
383 2381 545 2419 Interim
579 2381 723 2431 Gripus
755 2383 948 2431 piscator,
988 2395 1123 2419 servus
1154 2381 1369 2426 Daemonis‚
1409 2386 1490 2420 rete
1522 2396 1592 2420 suo
1624 2384 1679 2419 vi-

197 2447 327 2486 dulum
370 2462 529 2499 gravem
573 2451 690 2501 capit.
781 2451 856 2501 Spe
908 2462 1135 2498 magnarum
1189 2449 1412 2487 divitiarum
1465 2452 1679 2489 exsultanti

196 2515 398 2554 Trachalio
438 2517 655 2569 Plesidippi
693 2531 828 2556 servus
866 2520 1054 2556 occurrit.
1101 2518 1320 2568 vidulique,
1368 2532 1481 2568 quem
1527 2519 1679 2557 lenonis

197 2596 278 2622 esse
307 2588 483 2635 agnoscit
519 2591 558 2624 et
594 2591 697 2625 iuter
734 2587 810 2623 alia
849 2587 1080 2624 cistellulam
1112 2599 1196 2624 cum
1228 2587 1450 2637 crepundiis
1483 2587 1678 2625 Palaestrae

197 2654 391 2691 continere
414 2656 534 2702 novit,
564 2659 716 2705 partem
743 2655 817 2693 sibi
843 2655 1026 2692 vindicat.
1087 2653 1206 2692 Cuius
1229 2656 1507 2693 controversiae
1531 2657 1679 2693 arbiter

197 2724 331 2771 captus
360 2721 565 2760 Daemones
597 2727 734 2772 aperto
764 2721 896 2759 vidulo
921 2727 961 2759 et
991 2723 1180 2772 inspectis
1204 2722 1428 2773 crepundiis
1453 2723 1677 2760 Palaestram

197 2800 304 2826 suam
342 2789 462 2828 filiam
500 2803 582 2827 esse
623 2792 825 2840 comperit.
902 2790 1010 2828 Leno
1048 2795 1176 2828 autem
1214 2791 1359 2828 iudicio
1398 2791 1676 2830 condemnatus
