2009 3218
776 225 817 259 V.
844 228 1032 262 259-273.
1570 231 1649 270 627

160 369 195 406 p.
234 358 324 394 359.
385 355 584 393 Prodrom.
617 368 654 404 p.
689 355 786 392 277:
837 355 981 402 ‚,clura,
1013 354 1164 393 simia“.
1227 355 1346 394 Simia
1378 360 1508 395 autem
1539 359 1645 394 tetra

108 453 112 458 .
162 428 201 461 et
226 424 372 461 nullius
392 436 485 460 usus
504 423 628 460 bestia
645 426 713 467 est,
739 435 773 459 v.
793 421 910 459 Most.
931 424 1022 460 870.
1066 423 1148 461 Mil.
1173 425 1262 462 180.
1282 425 1374 462 287.
1394 445 1449 450 —
1466 424 1500 463 te
1516 424 1647 463 osten-

161 491 290 530 tatum
319 491 372 537 A,
406 491 452 528 cf.
484 486 777 535 „extentatuffl
806 489 923 527 Most.
952 491 1042 528 584.
1070 511 1125 517 —
1149 501 1240 529 cam
1267 493 1313 537 A,
1345 492 1392 529 cf.
1420 492 1532 530 Cure.
1553 493 1645 530 231.

160 558 242 596 Mil.
263 559 354 596 659.
402 557 501 596 Rud.
530 559 622 596 319.
649 577 701 583 —
726 567 819 596 ossa
843 559 1097 607 contemptim
1128 572 1200 609 pro
1233 572 1398 609 corpore
1423 573 1564 598 macro.
1593 580 1648 586 —-

162 627 253 664 268.
285 635 410 664 suaso
441 628 475 664 A
505 630 544 664 et
574 626 678 664 Fest.
711 638 748 675 p.
784 626 884 663 302:
935 625 1122 673 „Suasum
1162 627 1268 664 colos
1300 628 1538 678 appellatur,
1581 630 1647 678 qui

127 687 130 690 ⁴
158 693 202 731 fit
233 707 279 732 ex
310 694 510 732 stillicidio
542 695 694 732 fumoso
725 694 766 731 in
795 694 1030 730 uestimento
1062 693 1161 731 albo.
1222 695 1404 734 Plautus:
1454 698 1545 746 quia
1574 697 1647 734 tibi

159 775 272 800 suaso
317 763 506 809 infecisti,
553 761 806 812 propudiosa,
852 761 1051 811 pallulam.
1127 761 1290 807 Quidam
1337 767 1468 801 autem
1512 763 1650 814 legunt

158 831 327 868 insuaso.
387 830 466 868 Nec
497 830 650 875 desunt,
684 830 750 878 qui
782 829 914 867 dicant
945 842 1098 866 omnem
1129 829 1313 877 colorem,
1353 833 1420 880 qui
1461 830 1530 869 fiat
1560 831 1646 870 infi-

159 898 307 945 ciendo,
340 911 497 937 suasum
528 900 670 944 vocari,
703 897 809 946 quod
841 898 951 947 quasi
982 898 1244 947 persuadetur
1273 899 1312 935 in
1338 899 1457 936 alium
1489 913 1535 937 ex
1560 900 1648 937 albo

158 963 366 1003 transi1·e“.
435 966 536 1004 Edd.
568 970 713 1017 praeter
744 965 886 1015 Speng.
922 963 1145 1013 „insuaso“,
1186 966 1232 1003 cf.
1266 966 1370 1004 Fest.
1404 966 1510 1018 Epit.
1548 969 1646 1005 111:

136 1034 389 1080 '.‚Insuasum
434 1034 689 1085 appellabant
735 1033 904 1071 colorem
949 1033 1115 1071 similem
1160 1034 1287 1080 luteo,
1335 1036 1401 1084 qui
1441 1033 1561 1072 fiebat
1600 1049 1647 1073 ex

83 1111 89 1118 ·
157 1102 306 1139 fumoso
337 1101 582 1140 stillicidio“.
652 1102 886 1151 Contempto
919 1102 1076 1139 nomine
1113 1115 1249 1140 servus
1288 1103 1464 1151 κροκωτὸν
1495 1104 1644 1141 ancillae

158 1169 348 1220 appellat,
380 1183 458 1219 quo
491 1174 666 1208 ornatam
701 1183 784 1206 eam
816 1182 856 1206 se
888 1173 1086 1207 ostentare
1117 1170 1224 1208 dicit.
1294 1171 1414 1208 Recte
1445 1172 1547 1208 enim
1580 1171 1644 1221 Sp.

157 1237 259 1275 hunc
287 1251 443 1276 versum
475 1252 560 1276 cum
593 1237 840 1275 antecedenti
872 1238 1017 1284 iunxit,
1063 1251 1139 1275 non
1171 1251 1256 1275 cum
1294 1241 1493 1289 sequenti,
1541 1241 1647 1277 cuius

156 1306 326 1356 primum
357 1306 590 1344 vocabulum
620 1302 690 1343 An
722 1308 956 1343 sententiam
988 1306 1159 1356 incipere
1190 1310 1360 1356 oportet.
1423 1308 1500 1345 269
1533 1320 1581 1345 ex
1611 1307 1646 1344 A

157 1372 275 1422 edidi,
307 1374 375 1411 ubi
406 1379 535 1412 tamen
561 1373 778 1423 ambigunt,
811 1377 944 1411 utrum
973 1375 1065 1423 „qui
1089 1373 1314 1423 accepisti“,
1346 1380 1392 1412 ut
1408 1375 1482 1422 BC,
1513 1388 1647 1413 errore

156 1441 291 1479 addito
326 1440 429 1489 „bi“‚
464 1456 512 1479 an
548 1443 663 1492 „quia
689 1442 809 1491 clepis
840 1439 938 1478 tibi“
973 1442 1140 1490 legatur.
1200 1442 1282 1479 Hoc
1315 1442 1474 1492 quidem
1512 1456 1645 1492 prave,

155 1511 229 1547 nisi
262 1523 348 1547 cum
381 1510 523 1548 Bothio
559 1507 785 1560 .,clepsisti“
821 1510 990 1556 scribas;
1030 1523 1100 1547 nec
1132 1509 1227 1547 furti
1259 1523 1343 1547 eam
1375 1512 1506 1558 arguit
1537 1511 1646 1549 Stra-

154 1578 288 1627 tyllax,
321 1578 389 1617 sed
418 1579 616 1625 vanitatis,
651 1578 755 1628 quod
788 1579 912 1615 aereis
939 1577 1101 1615 armillis
1129 1578 1333 1625 glorietur,
1367 1591 1485 1628 quum
1510 1591 1646 1616 aureas

155 1660 232 1685 non
262 1646 418 1692 habeat,
459 1647 504 1684 cf.
537 1646 735 1696 Theophr.
769 1645 883 1683 Char.
920 1647 983 1683 21.
1068 1645 1144 1683 Sed
1175 1648 1294 1683 etiam
1327 1643 1424 1695 quia
1455 1643 1646 1695 accepisti

153 1715 210 1752 ita
239 1714 411 1764 languet,
450 1719 496 1752 ut
527 1728 549 1752 a
579 1714 720 1752 Plauto
751 1715 1094 1764 profectumssesse
1125 1715 1192 1751 vix
1222 1714 1359 1764 possit.
1436 1715 1567 1752 Etiam
1598 1715 1646 1752 de

155 1782 280 1820 forma
318 1792 469 1821 aeneus
500 1782 655 1830 dubito,
696 1795 815 1832 quum
854 1797 888 1820 v.
923 1784 1000 1819 271
1042 1782 1240 1831 antiquior
1278 1783 1403 1820 forma
1444 1780 1640 1830 „ahenus“

135 1851 322 1899 legatur.
383 1850 551 1888 Omnino
582 1854 689 1887 totus
721 1863 858 1888 versus
888 1850 982 1887 mihi
1012 1851 1148 1899 spuria
1178 1849 1293 1887 hujus
1319 1863 1454 1888 versus
1480 1851 1643 1888 circum-

153 1918 299 1956 locutio
338 1918 506 1956 videtur.
589 1917 728 1955 Varias
766 1918 940 1955 virorum
980 1918 1184 1956 doctorum
1226 1919 1471 1956 coniecturas
1511 1932 1547 1956 v.
1579 1932 1642 1968 ap.

153 1985 318 2024 Schoell.
339 2006 387 2012 —
419 1987 509 2023 270.
542 1982 809 2023 ‘inclementer
825 1987 870 2033 A,
897 1986 943 2023 cf.
963 1986 1011 2022 ad
1027 1985 1168 2035 Amph.
1197 1987 1288 2024 735.
1315 2005 1366 2011 —
1391 1982 1464 2024 hoc
1488 1986 1577 2024 add.
1594 1988 1641 2024 A.

154 2074 208 2079 -—
241 2055 332 2092 271.
363 2050 612 2102 Mancipion
643 2058 681 2091 et
709 2053 847 2103 {festas
877 2055 921 2090 A.
992 2053 1092 2090 Num
1129 2066 1250 2091 aereos
1282 2055 1420 2092 anulos
1450 2055 1567 2104 geris,
1599 2058 1644 2092 ut

152 2122 295 2160 habeas
327 2135 404 2171 quo
434 2124 578 2168 utaris,
611 2123 644 2159 si
677 2122 772 2171 quid
802 2121 997 2170 mancipio
1023 2122 1293 2171 accipiendum
1324 2118 1405 2159 sit?
1436 2122 1541 2172 quod
1572 2135 1644 2172 per

154 2202 204 2227 aes
228 2194 267 2227 et
290 2190 433 2227 libram
457 2188 589 2235 fiebat,
621 2203 655 2227 v.
675 2188 773 2227 Gell.
792 2189 875 2235 XV,
904 2190 966 2235 27,
996 2190 1030 2226 3.
1086 2188 1171 2227 Gai.
1198 2189 1227 2236 I,
1258 2191 1349 2227 119.
1396 2189 1459 2227 Sic
1485 2190 1641 2240 Speng.,

153 2271 221 2296 nec
259 2259 398 2295 melius
429 2258 574 2304 habeo,
621 2270 854 2307 quamquam
893 2270 963 2294 nec
996 2257 1246 2306 Astaphium,
1294 2270 1379 2307 quae
1419 2271 1534 2295 serva
1571 2262 1641 2305 est,

153 2326 364 2376 quidquam
399 2327 593 2375 mancipio
625 2327 802 2375 accipere
833 2328 974 2374 potest,
1009 2329 1047 2362 et
1078 2337 1142 2372 aes,
1174 2338 1250 2374 quo
1282 2327 1321 2362 in
1351 2327 1642 2376 mancipatione

151 2393 374 2440 utebantur,
400 2407 580 2435 nummus
597 2406 719 2431 aereus
736 2392 854 2430 fuisse
870 2392 1039 2431 videtur.
1087 2390 1168 2442 qui,
1195 2407 1230 2430 v.
1249 2384 1298 2430 sd
1314 2393 1455 2444 Amph.
1476 2395 1568 2432 257.
1586 2413 1642 2419 -

154 2462 244 2499 272.
279 2475 325 2498 ex
348 2462 381 2498 A
406 2462 584 2499 restituit
609 2461 783 2498 Studem.
838 2455 1004 2510 Piqnus
1029 2457 1094 2507 da,
1126 2473 1159 2497 v.
1188 2460 1237 2498 ad
1253 2461 1369 2511 Epid.
1391 2463 1482 2500 697.
1540 2461 1639 2499 Con-

150 2530 290 2577 tendit,
324 2529 559 2567 Victoriolas
601 2542 648 2566 ex
685 2529 844 2566 auribus
884 2529 966 2565 eius
1004 2527 1220 2577 pendentes
1259 2541 1335 2566 non
1374 2542 1511 2567 aureas
1543 2542 1638 2575 esse,

151 2597 218 2636 sed
256 2598 407 2646 ligneas
447 2597 660 2634 inauratas.
736 2597 849 2634 Tales
889 2599 1046 2634 inaures
1084 2595 1270 2635 Victoriis
1309 2601 1460 2635 ornatae
1500 2598 1540 2634 in
1580 2609 1639 2634 se-

151 2665 324 2714 pulchris
355 2665 502 2703 Graecis
531 2665 699 2702 inventae
730 2668 838 2711 sunt,
881 2677 914 2700 v.
948 2663 1135 2713 Stephani
1166 2664 1326 2715 Compte
1367 2665 1493 2702 rendu
1524 2663 1572 2701 de
1602 2664 1640 2701 la

152 2732 408 2772 Commission
447 2732 617 2770 archeol.
686 2731 741 2770 St.
775 2731 947 2770 Petersb.
985 2732 1089 2769 1859
1130 2732 1211 2770 tab.
1242 2732 1318 2779 III,
1361 2733 1396 2770 3.
1443 2751 1497 2756 —
1543 2732 1636 2769 273.

1294 2806 1363 2842 40*
