2009 3218
764 974 1040 1019 Truculentus,

158 1067 244 1105 quae
275 1054 405 1092 fabula
437 1067 477 1091 se
509 1056 595 1103 ipsa
629 1050 682 1102 (ν.
717 1052 814 1101 957)
847 1055 886 1090 in
918 1053 1081 1090 Veneris
1112 1055 1238 1091 tutela
1269 1068 1352 1092 esse
1384 1056 1459 1099 ait,
1499 1057 1537 1092 in
1581 1055 1647 1091 de-

158 1123 361 1160 scribenda
408 1123 575 1159 avaritia
621 1123 839 1159 meretricis
886 1126 923 1158 et
970 1124 1143 1171 nequitia
1190 1127 1408 1160 amatorum
1456 1127 1647 1160 versatur.

158 1192 411 1228 Phronesium
454 1192 637 1227 meretrix
675 1190 928 1227 Atheniensis
975 1195 1057 1226 tres
1105 1196 1299 1229 amatores
1346 1191 1483 1235 habet,
1532 1205 1650 1228 unum

157 1261 348 1297 urbanum
381 1260 685 1305 adolescentem,
721 1259 985 1305 Diniarchum,
1020 1261 1174 1307 quicum
1207 1272 1277 1308 per
1305 1260 1462 1309 aliquod
1495 1264 1651 1309 tempus

158 1329 405 1366 familiariter
447 1329 658 1365 consuevit.
729 1327 765 1364 Is
797 1328 887 1364 dum
919 1340 1083 1378 peregre
1113 1326 1392 1377 proficiscitur,
1425 1328 1650 1366 Strabacem

159 1397 443 1434 adolescentem
477 1398 662 1433 rusticum
696 1396 806 1433 illum
837 1396 995 1445 quidem
1026 1401 1065 1433 et
1095 1395 1245 1438 rudem,
1276 1397 1343 1434 sed
1368 1399 1544 1446 pecuniae
1572 1411 1652 1447 praa.

159 1478 289 1503 amore
313 1465 518 1517 prodigum
542 1465 616 1501 sibi
644 1465 832 1502 devinxit.
894 1467 996 1502 Ante
1021 1464 1153 1502 decem
1179 1478 1330 1502 menses
1355 1468 1485 1503 autem
1503 1465 1652 1504 Strato-

159 1535 339 1584 phanem.
372 1533 536 1570 militem
568 1533 794 1581 gloriosum,
829 1537 1046 1571 amatorem
1079 1533 1228 1570 habuit.
1291 1533 1411 1579 Quem
1445 1538 1651 1583 postquam

160 1603 333 1640 Athenas
365 1601 584 1638 rediturum
617 1615 700 1639 esse
731 1603 943 1651 comperit,
989 1615 1064 1651 quo
1104 1614 1190 1638 eum
1230 1602 1382 1639 facilius
1422 1607 1460 1639 et
1496 1604 1654 1652 gravius

161 1671 374 1720 despoliet,
416 1671 603 1707 meretrix
642 1671 802 1707 simulat
840 1684 880 1707 se
919 1670 1119 1719 gravidam
1162 1670 1210 1706 ab
1242 1683 1286 1707 eo
1319 1670 1496 1708 relictam
1529 1685 1654 1722 nuper

160 1753 323 1789 puerum
356 1740 568 1790 peperisse,
610 1740 778 1777 alienum
810 1739 961 1776 scilicet
990 1751 1153 1788 puerum
1186 1737 1259 1774 sibi
1290 1751 1529 1788 supponens.
1593 1740 1655 1778 Sic

161 1808 251 1845 dum
284 1822 305 1845 a
334 1809 462 1845 tribus
500 1809 614 1845 simul
655 1809 894 1845 amatoribus
932 1809 1107 1857 ingentia
1138 1807 1237 1844 dona
1273 1809 1413 1857 accipit
1443 1822 1654 1859 omnesque

162 1875 397 1921 ludificatur,
431 1877 678 1926 Astaphium,
712 1876 855 1913 ancilla
888 1878 988 1922 eius,
1029 1876 1257 1914 Strabacem
1290 1892 1467 1927 quaerens
1498 1892 1653 1915 servum

164 1946 247 1982 eius
292 1947 485 1982 convenit.
565 1945 635 1982 Hic
684 1948 807 1992 magis
847 1947 960 1982 etiam
1004 1958 1119 1995 quam
1163 1945 1278 1983 herus
1316 1949 1487 1984 rusticus
1530 1951 1569 1984 et
1607 1947 1653 1984 ab

161 2013 321 2050 urbanis
363 2013 564 2063 leporibus
605 2015 754 2051 alienus
795 2015 1026 2060 gravissimo
1067 2015 1244 2052 convicio
1284 2013 1486 2052 mulierem
1530 2017 1654 2052 insec-

163 2085 281 2126 tatur,
315 2081 381 2118 sed
414 2083 531 2131 paulo
563 2088 653 2132 post
682 2082 930 2119 truculentus
969 2084 1043 2119 iste
1082 2083 1198 2120 homo
1231 2083 1427 2120 illecebris
1459 2085 1541 2120 eius
1572 2084 1655 2132 ipse

164 2149 331 2186 libenter
369 2151 473 2187 cedit
511 2146 607 2199 (663
640 2149 758 2200 sqq).
822 2150 915 2187 Eius
955 2164 1071 2188 causa
1102 2151 1364 2189 Truculentus
1403 2152 1483 2189 haec
1523 2151 1655 2189 fabula

165 2218 398 2268 appellatur.
469 2219 659 2256 Meretrix
700 2232 792 2256 vero
823 2219 951 2256 tribus
991 2219 1232 2257 amatoribus
1264 2221 1377 2257 simul
1409 2221 1587 2270 obligata
1617 2225 1656 2257 et

123 2337 127 2341 Α
164 2299 286 2336 puero
317 2289 519 2338 supposito
550 2288 790 2335 gravissimae
815 2288 963 2325 fraudis
989 2301 1067 2334 rea,
1100 2289 1345 2338 impudentia
1368 2302 1436 2326 sua
1459 2293 1653 2326 servatur.

166 2354 262 2392 Nam
296 2356 484 2405 puerulus
514 2356 580 2392 ille
613 2355 815 2393 Diniarchi
848 2361 933 2393 erat
972 2369 1018 2392 ex
1057 2346 1226 2406 ingenua
1263 2357 1395 2408 puella
1428 2361 1557 2395 natus.
1619 2358 1656 2395 Is

165 2423 237 2460 hac
268 2437 309 2460 re
340 2424 467 2472 palam
499 2423 602 2460 facta
632 2424 818 2473 puellam.
851 2437 967 2474 quam
994 2430 1292 2474 compresserat,
1325 2438 1486 2463 uxorem
1515 2427 1656 2463 ducere

167 2493 330 2541 cogitur,
362 2492 621 2530 Phronesium
655 2499 783 2529 autem
818 2493 865 2529 ab
897 2506 941 2529 eo
972 2494 1170 2543 impetrat,
1210 2498 1254 2530 ut
1285 2507 1324 2530 se
1356 2494 1531 2532 triduum
1564 2507 1656 2543 pue-

168 2573 251 2598 rum
298 2562 468 2598 retinere
513 2562 634 2606 sinat,
682 2575 729 2598 ne
769 2561 860 2610 quid
903 2561 1012 2598 miles
1053 2563 1197 2599 sentiat
1236 2566 1324 2599 ante
1370 2575 1486 2611 quam
1532 2563 1655 2600 multo

167 2629 281 2679 plura
318 2629 551 2678 profuderit.
620 2629 846 2666 Strabacem
886 2642 977 2667 vero
1017 2635 1056 2666 et
1094 2629 1410 2680 Stratophanem,
1455 2632 1657 2677 ignavissi-

168 2711 250 2734 mos
281 2697 471 2742 homines,
505 2698 617 2735 ambo
648 2698 762 2734 simul
795 2697 843 2734 ad
874 2710 914 2733 se
945 2698 1099 2734 invitat.

285 2765 341 2802 Ex
386 2779 463 2815 qua
501 2766 635 2803 Graeca
681 2766 812 2802 fabula
852 2765 1112 2803 Truculentus
1159 2767 1275 2803 ducta
1321 2769 1389 2812 sit,
1439 2768 1654 2815 ignoratur.

172 2833 268 2869 Nam
301 2847 369 2870 nec
400 2836 464 2882 qui
498 2835 545 2870 ad
578 2834 786 2870 Menandri
819 2833 1004 2870 Thaidem
1038 2835 1200 2880 rettulit,
1233 2834 1466 2871 Schmitzius
1495 2848 1561 2870 nec
1590 2838 1656 2883 qui
