2009 3218
121 249 159 285 v.
188 251 218 287 4,
243 248 378 281 65-72
805 241 925 276 Perua.
1559 242 1610 280 57

757 367 974 409 Toxilus

120 446 264 498 Uirgo,
297 444 364 486 hic
396 443 523 485 homo
556 440 716 496 probus
749 444 826 481 est.

786 541 944 593 Uiryo

788 612 940 654 credo.

759 715 973 758 Toaee'lus

902 786 995 829 Non
1030 786 1102 827 diu
1137 785 1253 840 apud
1287 786 1400 828 hunc
1433 787 1608 828 seruivs.

785 890 945 944 Uiryo

121 969 188 1011 Ita
220 968 289 1022 pol
323 980 462 1022 spero,
492 966 525 1007 si
558 969 761 1019 parentes
792 963 952 1006 facient
983 960 1169 1004 officium
1204 975 1340 1002 suum.
1547 972 1613 1005 615

731 1066 1002 1108 Dordalus

122 1142 230 1185 Nolo
263 1156 340 1196 ego
373 1147 414 1183 te
447 1141 605 1186 mirari,
638 1140 671 1181 si
704 1152 782 1181 nos
814 1152 864 1180 ex
897 1142 940 1180 te
973 1135 1323 1192 percontabimur

122 1215 205 1256 Aut
238 1214 423 1268 patriam
458 1218 576 1254 tuam
610 1216 685 1254 aut
717 1215 930 1265 parentes.

787 1312 827 1356 U
834 1314 846 1354 i
857 1326 944 1366 ryo

890 1384 975 1426 Cur
1007 1397 1084 1438 ego
1117 1384 1159 1426 id
1191 1385 1333 1435 mirer,
1365 1384 1421 1425 mi
1454 1382 1611 1424 homo?

124 1459 320 1502 Seruitus
354 1472 448 1500 mea
480 1459 581 1500 mihi
613 1458 848 1509 interdixit,
881 1471 933 1499 ne
965 1457 1070 1512 quid
1104 1458 1234 1498 mirer
1264 1469 1405 1498 meum
1436 1454 1611 1496 malum.

733 1561 999 1603 Dordalus

125 1632 221 1675 Noli
251 1631 364 1675 flere.

789 1719 949 1773 Uiryo

438 1791 514 1833 Ah.

760 1887 977 1928 Toxilus

565 1959 617 2000 Di
647 1959 775 2002 istam
807 1959 1009 2014 perdant!
1043 1960 1105 2001 ita
1136 1962 1236 2001 cata
1268 1963 1334 2001 est
1365 1963 1408 2001 et
1438 1957 1609 2000 callida.

122 2028 180 2071 Ut
210 2029 382 2084 sapiens
415 2030 547 2073 habet
578 2044 671 2082 oor;
703 2045 830 2085 quam
861 2031 966 2073 dicit
997 2030 1112 2084 quod
1143 2030 1294 2085 opust!

732 2133 1005 2175 Dordalus

984 2204 1096 2255 Quid
1127 2219 1284 2247 nomen
1315 2204 1396 2246 tibi
1428 2205 1523 2246 est?
1549 2216 1616 2249 620

761 2309 976 2350 Toxilus

124 2376 248 2419 Nunc
279 2382 423 2420 metuo
456 2392 508 2421 ne
541 2385 701 2434 peccet.

792 2483 950 2536 Uiryo

767 2555 939 2597 Lucridi
969 2568 1125 2597 nomen
1157 2555 1200 2596 in
1233 2555 1377 2608 patria
1407 2554 1501 2597 fuit.

234 2717 301 2750 616
325 2718 459 2753 minari
596 2717 664 2751 617
689 2727 758 2761 ego
784 2716 842 2750 hic
867 2717 981 2751 mirer
1006 2715 1117 2752 homo
1145 2717 1193 2751 mi
1219 2716 1251 2750 A
1387 2717 1454 2750 618
1480 2716 1615 2750 malum

125 2784 243 2808 meum
272 2773 302 2809 C
381 2775 448 2808 619
472 2771 555 2807 Noli
581 2772 679 2808 flere.
708 2773 769 2807 VI.
798 2773 854 2807 Ah
880 2783 945 2808 om.
972 2771 1038 2808 BG
1122 2774 1190 2808 620
1214 2772 1262 2808 Ut
1287 2774 1434 2817 sapiens
1460 2783 1526 2807 om.
1551 2772 1619 2807 BC

215 2830 313 2874 quod
340 2831 373 2864 A
466 2831 529 2864 621
558 2828 679 2864 Noute
707 2828 773 2864 BC
864 2829 1035 2864 Lucridei
1061 2830 1095 2864 A
