2009 3218
357 245 435 283 580
976 237 1208 272 Trinummus

355 371 421 407 illo
454 367 738 418 spopondisti.“
775 369 821 404 al.
899 365 1057 416 eoeiyere
1098 367 1265 416 aliquem
1305 380 1376 417 pro
1416 367 1463 403 ab
1504 366 1634 415 aliquo
1673 379 1719 403 ex
1756 365 1835 404 Cae-

356 439 444 476 cilio
477 441 516 474 et
548 435 709 472 Metello
741 433 854 471 affert
885 434 1033 485 Gellius
1065 434 1148 480 XV,
1186 436 1246 472 14.
1299 435 1476 483 propter
1510 435 1764 484 postponitur
1793 438 1837 471 ut
1880 463 1883 466 .

356 505 495 554 Amph.
533 504 649 548 1009,
683 503 728 540 cf.
763 502 811 539 ad
842 503 983 552 Amph.
1018 504 1109 540 234.
1143 523 1198 527 —
1235 502 1317 540 tute
1349 504 1392 539 A.
1434 521 1485 527 -
1527 501 1619 538 431.
1655 490 1836 548 Factum,

356 588 390 610 v.
428 573 517 609 128.
557 591 609 595 —
640 572 733 609 433.
768 566 830 608 tui
859 580 933 608 nec
963 571 1007 609 A.
1043 591 1094 596 —
1126 572 1219 608 435.
1254 581 1303 609 ne
1334 571 1379 607 A.

469 641 563 677 440.
605 638 791 676 mutuum
822 648 978 676 mecum
1006 634 1123 686 facit,
1166 639 1211 675 cf.
1245 637 1355 675 Cure.
1389 638 1459 674 47:
1511 649 1621 685 „cum
1653 637 1720 674 illa
1751 637 1838 674 nolo

357 709 484 746 facere
517 707 734 744 mutuum“.
791 707 874 744 Mil.
915 708 1034 744 1246.
1088 707 1197 744 Pers.
1233 707 1323 743 765.
1367 725 1414 731 —
1464 706 1558 742 441.
1606 704 1669 742 est
1697 706 1741 742 A.
1790 724 1837 730 —

357 777 451 815 442.
483 771 732 825 nequiquam
762 776 815 821 A,
856 776 901 812 cf.
935 775 983 812 ad
1016 775 1130 812 Most.
1168 776 1287 812 1156.
1331 793 1378 798 —
1419 774 1511 811 443.
1552 772 1591 811 si
1625 764 1729 821 frugi
1759 786 1839 810 esse

357 846 500 895 cupiat,
534 844 630 881 nihil
662 847 770 891 agat3
814 857 890 881 non
923 847 1065 892 potest.
1105 862 1157 867 ——
1197 843 1290 879 444.
1333 843 1369 879 te
1399 843 1445 878 A.
1485 860 1538 866 -—
1576 841 1669 878 447.
1716 840 1838 889 tuum,

357 916 462 950 tuam
495 912 634 962 agendi
667 913 868 948 rationem.
929 911 993 948 ΒΓ.
1027 910 1176 948 confert
1207 911 1297 947 124.
1318 910 1410 947 633.
1459 899 1565 946 Acin.
1589 910 1678 947 189.
1723 909 1838 947 Most.

359 982 450 1017 774.
499 980 581 1017 Mil.
619 981 735 1018 1355.
785 980 870 1016 Ter.
905 978 1002 1016 Eun.
1042 979 1166 1015 1066:
1205 991 1305 1024 „non
1337 989 1526 1026 cognosco
1556 981 1733 1014 nostrum
1763 982 1841 1015 tam

359 1045 610 1098 superbum“‚
640 1049 663 1084 i.
698 1062 729 1085 e.
763 1047 867 1097 quod
899 1051 978 1084 tam
1010 1046 1169 1095 superbi
1201 1047 1306 1083 estis.
1367 1044 1443 1082 Cic.
1471 1044 1582 1082 Tusc.
1608 1044 1637 1092 Ι,
1670 1046 1735 1091 42,
1768 1046 1838 1083 99:

363 1130 497 1164 „suum
536 1116 652 1163 illud,
690 1116 787 1153 nlhil
825 1120 868 1152 ut
907 1114 1091 1160 affirmet,
1139 1118 1245 1152 tenet
1283 1113 1330 1151 ad
1371 1110 1625 1150 ext1·emum“.
1660 1132 1712 1137 —
1748 1114 1840 1151 449.

358 1185 533 1235 Uterque
578 1185 753 1222 homines
793 1197 946 1229 sumus,
994 1196 1040 1220 ne
1079 1183 1178 1220 alter
1216 1183 1382 1219 alterum
1421 1185 1488 1218 aut
1526 1184 1748 1218 contemnat
1778 1186 1843 1218 aut

359 1254 538 1290 irrideat.
571 1272 625 1277 —
655 1248 733 1298 Ita,
767 1265 802 1289 v.
829 1252 877 1304 1111
903 1251 1011 1290 Curc.
1041 1252 1131 1288 574.
1167 1270 1218 1275 ——-
1251 1251 1343 1287 450.
1376 1245 1554 1287 aduenio
1585 1249 1629 1285 A.
1663 1268 1716 1275 ——
1748 1250 1840 1287 453.

360 1318 566 1367 ordinem,
615 1322 741 1358 locum
774 1323 812 1358 in
845 1321 1017 1358 civitate.
1061 1339 1114 1343 —
1153 1320 1246 1356 454.
1293 1313 1439 1365 factio,
1482 1330 1515 1353 v.
1551 1316 1598 1354 ad
1630 1317 1716 1354 Aul.
1753 1317 1842 1354 160.

359 1390 499 1428 nostra
532 1389 578 1426 A.
621 1408 668 1414 —
713 1390 806 1427 456.
854 1388 898 1426 tu
928 1397 1056 1426 sanus
1086 1388 1131 1424 A.
1207 1383 1354 1424 mentis
1386 1385 1507 1434 atque
1538 1381 1687 1430 (mimi,
1728 1398 1763 1422 v.
1795 1384 1843 1422 ad
1907 1409 1913 1413 -

359 1458 475 1507 Epid.
513 1459 602 1495 140.
647 1477 694 1484 -
736 1457 830 1494 458.
872 1452 1164 1494 Ferentarium
1193 1456 1246 1500 Α,
1294 1454 1340 1491 de
1379 1453 1546 1491 secunda
1584 1452 1733 1501 syllaba
1763 1465 1843 1490 cor·

359 1530 476 1576 repta
506 1539 540 1563 v.
574 1526 732 1573 Proleg.
758 1540 795 1576 p.
823 1526 915 1563 203.
977 1526 1154 1575 Apparet
1186 1535 1271 1560 eum
1304 1521 1527 1572 significari,
1560 1521 1627 1570 qui
1658 1520 1842 1558 auxilium

359 1598 624 1645 opportunum
655 1594 776 1640 ferat3
823 1593 1015 1643 significat-
1056 1596 1184 1629 autem
1224 1603 1364 1627 nomen
1401 1589 1545 1625 milites
1585 1589 1683 1626 levis
1716 1601 1841 1626 arma-

359 1667 458 1701 turae
489 1667 528 1700 et
566 1662 736 1708 veloces,
784 1675 818 1699 v.
861 1661 952 1699 Sall.
988 1661 1071 1698 Cat.
1106 1661 1169 1697 60.
1232 1658 1341 1695 Varr.
1378 1657 1418 1694 1..
1453 1656 1497 1694 L.
1532 1655 1620 1703 VH,
1662 1657 1731 1702 57,
1780 1657 1846 1707 qui

360 1732 462 1769 hunc
493 1744 647 1768 versum
680 1730 811 1775 affert,
859 1736 897 1767 et
934 1733 1143 1780 postquam
1184 1739 1325 1764 nomen
1358 1725 1554 1776 explicare
1585 1728 1747 1772 conatus
1777 1728 1843 1770 est,

363 1799 489 1837 addit:
527 1799 824 1845 „Huiuscemodi
857 1800 1009 1847 equites
1039 1798 1167 1846 pictos
1199 1794 1279 1832 vidi
1304 1795 1344 1831 in
1368 1792 1585 1842 AEsculapii
1610 1792 1692 1830 aede
1718 1796 1845 1830 vetere

364 1873 401 1904 et
433 1867 663 1904 fcrentarios
698 1865 953 1915 adscriptos“.
984 1865 1137 1902 -459.
1172 1860 1345 1900 clz‘erecte
1375 1863 1420 1909 A,
1454 1875 1488 1898 v.
1515 1860 1563 1898 ad
1590 1860 1726 1898 Bacch.
1756 1861 1844 1898 577.

366 1956 417 1961 —-
454 1936 566 1974 notes
597 1937 648 1982 A,
691 1935 736 1972 cf.
772 1936 818 1972 ad
851 1934 960 1984 Capt.
995 1935 1085 1971 697.
1128 1952 1177 1956 —
1219 1932 1313 1968 464.
1362 1927 1404 1967 in
1443 1928 1594 1975 aetate,
1635 1941 1670 1965 v.
1702 1928 1751 1966 ad
1783 1929 1844 1966 24.

366 2025 417 2029 —
451 2006 543 2042 466.
577 2000 709 2041 hercle
740 2000 823 2053 qui,
857 2017 891 2040 v.
926 2003 973 2040 ad
1006 2001 1145 2051 Amph.
1181 2001 1270 2036 769.
1346 1996 1484 2048 „quin“
1531 1995 1642 2034 codd.
1675 1995 1848 2046 praebent

367 2076 481 2111 etiam
516 2073 616 2109 Men.
651 2073 742 2109 418.
781 2073 886 2109 1072
904 2068 987 2118 (C);
1020 2071 1068 2107 cf.
1100 2070 1215 2106 etiam
1253 2066 1328 2113 „At
1359 2062 1492 2115 quiu“.
1541 2064 1639 2102 Rud.
1674 2066 1766 2103 750.
1797 2081 1846 2091 --

369 2143 462 2179 467.
497 2138 570 2189 Sic,
602 2145 646 2177 ut
677 2154 772 2187 sum,
805 2140 955 2177 duobus
987 2138 1119 2175 oculis.
1161 2157 1207 2167 --
1251 2134 1344 2172 468.
1382 2143 1493 2170 ‘7quch
1523 2132 1567 2170 tu
1597 2134 1641 2172 A.
1676 2152 1722 2159 -·
1755 2134 1847 2171 469.

367 2206 580 2259 motiones,
615 2209 659 2246 cf.
693 2209 786 2245 454.
821 2209 913 2245 493.
948 2208 1039 2244 499.
1075 2226 1124 2231 -
1158 2208 1238 2248 470
1272 2219 1354 2255 sqq.
1395 2205 1728 2243 Commemoratur
1757 2214 1850 2240 cena

368 2279 525 2327 publica
556 2278 616 2314 vel
639 2272 876 2325 popularis,
919 2276 1061 2311 δεῖπνον
1093 2276 1275 2322 δημοτελὲς
1307 2273 1409 2311 Plut.
1443 2273 1540 2322 pros.
1576 2274 1614 2309 in
1647 2272 1780 2308 virtut.
1813 2270 1847 2315 5,

370 2347 429 2383 vel
469 2347 684 2393 δημοθοινία
724 2344 881 2381 Lucian.
918 2343 1068 2380 Phalar.
1102 2343 1139 2388 I.
1176 2345 1217 2389 3,
1266 2342 1399 2391 quales
1445 2342 1617 2382 ἑστιάσεις
1663 2343 1701 2376 et
1749 2336 1849 2388 apud

371 2415 526 2452 Graecos
558 2414 782 2463 frequentes
814 2416 923 2449 erant
956 2418 993 2448 ct
1035 2411 1135 2462 apud
1170 2411 1385 2453 Romanos,
1428 2422 1496 2446 nec
1534 2409 1678 2454 solum,
1725 2409 1768 2443 ut
1796 2404 1851 2442 ait

371 2483 495 2519 Varro
528 2482 633 2531 apud
659 2479 829 2518 Macrob.
857 2480 936 2518 Sat.
966 2478 1033 2525 III,
1071 2479 1131 2525 12,
1167 2480 1209 2524 2,
1251 2478 1316 2515 ubi
1348 2479 1435 2526 quis
1466 2475 1664 2513 decumam
1696 2471 1850 2512 Herculi

371 2549 615 2601 pollucebat,
663 2548 728 2585 scd
775 2550 890 2585 ctiam
938 2549 976 2584 iu
1021 2546 1230 2596 triumphis
1271 2545 1434 2594 aliisque
1481 2543 1757 2581 occasionibus.
1797 2558 1851 2566 -

373 2620 466 2656 471.
490 2627 593 2666 par,
628 2616 825 2664 ὁμόκλινος,
859 2629 945 2653 nam
978 2615 1146 2652 bioliniis
1177 2614 1407 2658 utebantur,
1440 2625 1473 2649 v,
1508 2611 1644 2649 Bacch.
1680 2610 1771 2655 717,
1802 2607 1847 2645 cf.

375 2687 478 2724 Pers.
513 2686 607 2722 766.
667 2679 874 2722 obuenerit
907 2686 948 2720 A.
990 2702 1043 2707 —
1083 2682 1174 2718 472.
1213 2680 1459 2719 Constructio
1491 2679 1695 2723 ἀσύνδετος,
1737 2689 1770 2713 v.
1803 2673 1852 2713 ad
1916 2676 1918 2680 ’

376 2756 466 2792 219.
531 2752 669 2801 Bergk.
690 2753 788 2789 coni.
820 2752 875 2792 ..si
900 2749 1078 2796 cenast“;
1112 2749 1324 2787 Ritschelio
1342 2748 1402 2785 hic
1429 2751 1467 2784 et
1490 2747 1692 2796 proximus
1722 2754 1853 2781 vernus

375 2823 497 2872 spurii
532 2820 723 2857 videntur.
762 2840 807 2844 -—
842 2821 933 2855 475.
973 2814 1127 2855 Ediss‘m‘
1162 2819 1202 2853 A.
1232 2836 1283 2840 -—-
1317 2816 1408 2853 476.
1443 2810 1571 2852 Edim
1603 2814 1645 2850 A.
1678 2831 1725 2838 --
1759 2810 1849 2848 479.
1886 2844 1891 2856 ,
