2009 3218
151 200 166 235 1
191 200 223 243 2,
251 198 381 233 14—27
761 196 1007 232 Trinummus.
1550 202 1630 241 257

702 322 1075 374 Momm-onmes

149 396 261 438 Bene
293 394 435 436 hercle
467 398 531 435 est
562 393 679 435 illam
711 393 790 434 tibi
823 393 970 435 ualere
1002 399 1046 435 et
1077 395 1236 436 uiuere.

763 487 1020 530 Callicles

148 561 286 604 Credo
319 560 461 603 hercle
493 565 535 603 te
567 561 769 614 gaudere,
803 561 838 602 si
871 560 974 615 quid
1006 560 1110 601 mihi
1142 560 1242 601 mali
1277 566 1353 602 est.

698 663 1076 716 Meyarom’des

147 736 355 778 Omnibus
387 736 549 785 amicis,
582 736 697 789 quod
731 736 833 777 mihi
866 740 942 781 est.
976 736 1104 788 cupio
1137 749 1232 777 esse
1264 736 1389 778 idem.

763 830 1019 872 Callicles

148 903 240 945 Eho
271 908 331 951 tu,
363 908 439 944 tua
473 918 581 944 uxor
611 903 714 957 quid
747 903 864 957 agit?

699 1006 1078 1059 Meyaronicles

906 1079 1154 1120 Immortalis
1185 1083 1274 1126 est;
1591 1090 1635 1124 55

149 1150 270 1192 Uiuit
300 1152 558 1205 uictumque
590 1156 668 1193 est.

766 1223 1017 1266 Callicles

746 1296 860 1338 Beue
893 1295 1036 1337 hercle
1068 1296 1255 1337 nuntias.

148 1369 347 1422 Deosque
379 1383 454 1411 oro
486 1373 532 1410 ut
565 1370 683 1410 uitae
715 1373 816 1411 tuae
849 1373 1069 1422 superstes
1102 1372 1316 1422 suppetat.

712 1472 980 1525 Meyaroni
992 1473 1080 1513 des

150 1544 257 1585 Dum
289 1543 462 1598 quidem
494 1543 639 1585 hercle
670 1549 813 1586 tecum
845 1549 982 1597 nupta
1012 1545 1081 1594 sit,
1113 1557 1217 1585 sane
1250 1543 1391 1584 uelim.

762 1645 1023 1690 Callicles

151 1718 232 1761 Uin
264 1720 591 1761 conmutemus'?
622 1724 742 1761 tuam
774 1733 852 1772 ego
885 1719 1039 1759 ducam
1073 1723 1116 1759 et
1146 1722 1193 1759 tu
1226 1718 1396 1759 meam?

150 1790 267 1832 Faxo
298 1791 411 1832 haud
445 1792 662 1833 tantillum
696 1791 865 1832 dederis
899 1790 1130 1832 uerborum
1166 1789 1280 1831 mihi.
1594 1801 1640 1834 60

709 1886 1088 1939 Meyaromfcles

151 1957 344 2012 Namque
377 1959 487 2000 enim
520 1963 580 2009 tu,
613 1959 755 2009 credo,
790 1973 854 2000 me
887 1957 1192 2013 inprudentem
1225 1957 1485 2011 obrepseris.

767 2060 1021 2103 Callicles

151 2131 213 2174 Ne
242 2137 290 2174 tu
322 2134 466 2176 hercle
498 2134 596 2175 faxo
630 2134 745 2175 haud
778 2134 942 2175 nescias
974 2147 1105 2187 quam
1138 2147 1228 2175 rem
1260 2133 1410 2186 egeris.

702 2236 1082 2289 Meyaronides

152 2306 324 2350 Habeas
354 2315 402 2351 ut
432 2314 649 2360 nanctu’s3
682 2314 785 2350 nota
821 2308 934 2349 mala
966 2322 1034 2349 res
1067 2311 1245 2361 optuma
1276 2312 1354 2348 est.

151 2378 261 2422 Nam
292 2395 370 2434 ego
401 2396 513 2423 nunc
545 2383 580 2422 si
615 2382 806 2435 ignotam
838 2381 1019 2434 capiam,
1052 2379 1155 2433 quid
1187 2393 1312 2433 aga-m
1343 2381 1544 2421 nesciam.

153 2448 337 2506 [Edepol
367 2453 547 2507 proinde
579 2459 627 2495 ut
660 2453 768 2494 bene
801 2453 977 2498 uiuitur.
1011 2451 1084 2493 diu
1114 2450 1310 2504 uiuitur]
1595 2463 1639 2497 65

265 2613 308 2646 52
331 2613 397 2647 tibi
424 2612 516 2647 bene
543 2613 664 2647 ualere.
693 2612 722 2647 C
746 2610 797 2650 (Β
823 2610 976 2651 ualeret)
1067 2612 1109 2645 53
1135 2609 1249 2644 Crede
1274 2610 1310 2645 B
1391 2622 1450 2645 me
1476 2612 1507 2645 A
1597 2614 1640 2644 54

155 2667 277 2702 mihist
300 2667 368 2703 BC
467 2668 577 2704 fidem
606 2671 635 2703 A
743 2671 786 2702 55
811 2673 851 2702 tu
876 2678 942 2702 om.
975 2667 1043 2702 BG
1141 2669 1180 2702 61
1209 2671 1246 2702 te
1272 2669 1302 2701 A
1406 2669 1491 2702 mihi
1520 2670 1639 2712 inpru-

155 2723 257 2759 denti
281 2725 347 2761 BC
435 2728 479 2761 62
503 2727 607 2761 hecle
635 2727 664 2762 C
730 2727 822 2761 scias
850 2725 914 2759 BC
1003 2726 1048 2759 63
1072 2729 1215 2759 mactus
1241 2726 1275 2760 Β
1361 2729 1551 2769 optumast
1576 2725 1643 2760 BG

154 2781 198 2815 65
219 2793 343 2825 prome
369 2784 401 2818 A

254 2863 292 2893 V.
1266 2872 1269 2875 ·
1296 2855 1336 2888 17
