2009 3218
143 217 203 253 lv.
229 221 259 256 3.
289 218 419 252 13—24
806 218 963 253 Rudens.
1553 223 1629 260 147

790 343 986 395 Gripus*

343 415 454 465 Quid
488 416 630 467 negoti
664 419 742 458 est.
775 415 902 457 modo
935 415 1038 457 dice.
1563 429 1630 461 940

753 533 1028 575 Trachalio

1090 606 1239 647 Dicam
1258 629 1310 634 —
1328 612 1423 648 tace
1442 631 1492 636 —-

141 677 184 721 Si
215 678 343 720 fidem
375 677 501 720 modo
535 678 612 720 das
646 677 762 730 mihi,
795 683 837 720 te
871 693 954 721 non
986 677 1078 721 fore
1110 677 1301 720 infidum.

787 795 985 848 Gripus

142 868 202 909 Do
235 868 359 910 fidem
393 867 492 918 tibi;
523 867 637 909 fidus
670 882 755 918 ero,
787 868 984 923 quisquis
1017 883 1073 910 es.

742 986 1019 1028 Trachalio

1138 1057 1262 1109 Audi,

139 1129 318 1171 Furtum
337 1143 413 1183 ego
431 1130 520 1171 uidi
539 1131 610 1184 qui
630 1129 842 1181 faciebat3
875 1144 1023 1172 noram
1052 1130 1272 1172 dominum
1296 1130 1338 1172 id
1359 1131 1460 1185 quoi
1480 1130 1624 1172 fiebat.

137 1201 240 1243 Post
271 1201 325 1243 ad
358 1201 494 1244 furem
527 1207 696 1256 egomet
727 1202 911 1244 deuenio
941 1201 1117 1256 feroque
1150 1203 1186 1244 ei
1220 1203 1514 1245 condicionem
1548 1203 1628 1245 hoc

1087 1279 1234 1328 pacto:

139 1345 239 1398 'Ego
271 1347 384 1388 istuc
415 1346 575 1388 furtum
610 1348 699 1389 scio
731 1348 834 1401 quoi
865 1347 1025 1389 factum
1059 1352 1143 1399 est3
1189 1361 1304 1389 nunc
1341 1347 1447 1389 mihi
1485 1348 1519 1389 si
1560 1349 1627 1389 uis

1088 1419 1193 1461 dare
1225 1419 1461 1469 dimidium,
1561 1431 1628 1464 945

138 1490 348 1533 Indicium
374 1491 546 1533 domino
574 1505 658 1533 non
682 1491 862 1534 faciam’.
923 1491 965 1533 Is
995 1491 1098 1533 mihi
1115 1491 1219 1533 nihil
1239 1492 1368 1533 etiam
1387 1491 1625 1546 respondit.

142 1561 284 1613 Quid?
315 1563 414 1605 inde
439 1577 621 1618 aequom
648 1569 714 1606 est
738 1563 832 1605 dari
858 1563 961 1604 mihi
989 1563 1244 1605 dimidium?
1286 1563 1396 1606 Uolo
1421 1568 1469 1606 ut
1494 1563 1627 1605 dicas.

787 1666 986 1718 Gripus

1010 1738 1144 1781 Immo
1175 1738 1319 1780 hercle
1352 1739 1484 1781 etiam
1517 1738 1627 1793 plus.

142 1810 247 1852 Nam
279 1812 363 1854 nisi
395 1811 483 1859 dat,
517 1811 690 1853 domino
724 1811 956 1853 dicundum
987 1825 1157 1854 censeo.

746 1926 1019 1968 Trachalio

1123 1998 1214 2040 Tuo
1247 1998 1425 2040 consilio
1456 1997 1626 2039 faciam.

140 2067 262 2111 Nunc
292 2070 476 2112 aduorte
508 2070 709 2119 animum,
742 2083 927 2124 namque
960 2069 1039 2112 hoc
1071 2084 1194 2112 omne
1227 2071 1387 2112 attinet
1417 2069 1473 2111 ad
1506 2076 1561 2111 te.

786 2183 986 2235 Gripus

1197 2256 1308 2306 Quid
1341 2256 1502 2298 factum
1535 2256 1628 2298 est?

751 2350 1025 2392 Trachalio
1273 2398 1276 2402 ⁴

144 2421 346 2466 Uidulum
377 2425 508 2466 istum
541 2424 696 2478 quoius
728 2427 794 2465 est
826 2423 926 2464 noui
958 2436 1036 2476 ego
1068 2421 1285 2465 hominem
1316 2424 1402 2465 iam
1435 2423 1615 2478 pridem,

789 2536 982 2588 Gripus

1092 2607 1204 2658 Quid
1235 2609 1330 2650 est?
1565 2619 1632 2653 950

256 2746 324 2780 940
346 2745 490 2789 negocii
519 2744 554 2779 Β
653 2744 712 2778 dic
817 2745 884 2778 943
909 2754 1083 2778 noueram
1189 2744 1255 2777 944
1281 2743 1411 2777 Portat
1436 2742 1464 2777 Ο
1565 2744 1631 2776 947

149 2801 303 2847 amplius
403 2803 470 2836 949
495 2801 589 2836 Num
617 2801 646 2835 0
743 2801 810 2834 950
834 2800 936 2835 cuius
962 2804 1047 2835 nest
1071 2800 1114 2842 B,
1148 2800 1253 2835 cuius
1278 2802 1373 2834 mest
1398 2799 1427 2834 G

1274 2872 1277 2873 ⁷
1300 2871 1360 2905 10*
