2009 3218
112 249 173 290 IV.
199 251 229 290 4,
258 248 434 283 103—112
797 244 916 279 Persa.
1546 246 1591 284 6]

752 371 963 412 Toxilus

114 449 266 496 Audin,
301 446 402 501 quid
437 447 527 487 ait?

779 514 939 567 (Ην-(χο

453 589 560 631 Nam
594 589 675 630 etsi
708 601 777 629 res
811 591 912 628 sunt
942 585 1119 635 fractae,
1153 586 1279 627 amici
1312 590 1414 626 sunt
1443 589 1603 627 tamen.

727 681 995 724 Dordalus

113 757 176 799 Ne
208 759 264 799 sis
297 756 437 810 plora;
469 756 606 798 libera
638 757 722 796 eris
754 759 959 803 actutum,
993 753 1027 794 si
1060 751 1210 794 crebro
1243 751 1385 793 cades.

118 829 197 871 vin
230 842 326 871 mea
358 828 479 870 esse?

785 898 844 939 (Ἴ
856 912 941 951 rqo

475 971 582 1013 Dum
615 970 785 1024 quidem
819 983 869 1010 ue
903 967 1028 1010 nimis
1060 969 1134 1011 diu
1166 974 1241 1011 tua
1274 969 1368 1019 sim,
1399 967 1511 1010 uolo.
1540 979 1606 1012 654

759 1065 971 1106 Τοριήῐτικ

120 1140 240 1182 Satin
273 1144 320 1181 ut
352 1139 544 1181 meminit
573 1138 820 1180 libertatis?
851 1137 983 1178 Dabit
1013 1136 1120 1178 haec
1151 1135 1230 1178 tibi
1257 1135 1433 1189 grandis
1469 1135 1606 1177 bolos.

128 1214 227 1266 Age,
258 1213 292 1254 si
325 1211 429 1266 quid
460 1211 574 1264 agis;
606 1225 683 1264 ego
716 1209 770 1251 ad
802 1209 914 1250 hunc
946 1208 1089 1250 redeo.
1160 1207 1362 1262 Sequere.
1403 1231 1458 1236 —
1497 1206 1608 1248 Red-

1066 1282 1175 1322 duco
1207 1280 1319 1322 hanc
1348 1279 1442 1322 tibi.

726 1353 1000 1396 Dordalus

123 1428 397 1479 Adulescens,
428 1429 499 1469 uin
533 1427 718 1470 uendere
751 1425 921 1468 istanc?

718 1521 1017 1574 Sayaristio

932 1592 1070 1646 Magis
1102 1591 1223 1634 lubet
1255 1605 1383 1646 quam
1415 1591 1610 1646 perdere.

730 1688 998 1730 Dordalus

121 1761 226 1803 Tum
259 1767 305 1803 tu
339 1774 474 1816 pauca
506 1762 549 1802 in
581 1760 716 1803 uerba
747 1759 911 1812 confer3
944 1760 1015 1814 qui
1049 1759 1189 1811 datur,
1220 1759 1330 1801 tanti
1362 1759 1520 1802 indica.

713 1855 1016 1908 Sayaristz'o

122 1928 294 1970 Faciam
326 1928 400 1975 ita,
433 1932 480 1969 ut
511 1932 552 1969 te
577 1927 688 1969 uelle
712 1927 850 1970 uideo.
898 1927 1006 1969 Eam
1032 1927 1143 1969 habe
1168 1927 1247 1969 tibi
1272 1930 1443 1970 centum
1470 1926 1610 1969 minis,

731 2022 1004 2064 Dordalus

124 2079 311 2121 Nimium
343 2084 418 2121 est.

714 2151 1018 2204 Sayaristio

356 2222 600 2276 Octoginta.

731 2305 998 2348 Dordalus

506 2377 691 2419 Nimium
725 2382 803 2420 est.

718 2468 1021 2522 Sayaristio
1202 2516 1206 2520 A

694 2540 902 2583 Nummus
934 2540 1086 2583 abesse
1117 2541 1220 2584 hinc
1252 2556 1336 2584 non
1368 2547 1523 2598 potest,
1548 2554 1616 2588 660

127 2611 253 2663 Quod
283 2625 398 2654 nunc
428 2612 582 2654 dicam.

237 2772 302 2804 654
328 2770 436 2804 minis
463 2769 498 2804 B
577 2771 643 2804 656
668 2770 803 2804 reduco
882 2772 948 2805 658
973 2771 1058 2815 quid
1133 2773 1199 2806 659
1226 2773 1320 2808 uelle
1348 2772 1378 2808 C
1446 2773 1552 2808 uidefi.
1577 2778 1617 2807 ut

127 2839 224 2861 emas
251 2829 344 2861 habe
415 2828 590 2862 trecentis
617 2828 723 2861 minis
746 2826 792 2871 B,
818 2833 1022 2862 trecentum
1050 2828 1166 2863 minas
1194 2829 1223 2864 Ο
1290 2831 1358 2864 660
1381 2842 1550 2865 nummos
1576 2829 1611 2864 B
