2009 3218
370 209 453 248 464
524 257 528 262 Ι
1033 205 1194 241 Rudens.

371 337 501 372 autem
540 333 758 384 Septembri
797 346 924 371 mense
961 335 1063 372 circa
1107 335 1330 385 aequinoct'ii
1375 338 1549 384 tempus,
1594 335 1737 373 occidit
1772 335 1848 373 No-

368 402 514 439 vembri
547 415 688 439 mense.
750 401 868 439 Ortus
900 403 1001 439 enim
1030 402 1264 452 intelligitur
1294 416 1370 440 non
1401 404 1601 449 cosmicus,
1634 403 1701 452 qui
1729 416 1848 452 quum

367 483 444 507 una
474 482 558 506 cum
590 470 682 506 solis
713 474 802 506 ortu
832 468 901 507 fiat
931 482 1007 507 non
1037 472 1284 521 conspicitur,
1318 471 1387 507 sed
1411 470 1596 518 heliacus,
1628 472 1654 508 i.
1673 484 1705 508 e.
1729 483 1849 520 quum

368 538 534 588 primum
573 539 613 575 in
650 537 823 575 diluculo
861 539 1053 575 matutino
1091 541 1178 575 ante
1218 539 1310 576 solis
1352 541 1483 575 ortum
1514 551 1710 588 emergere
1740 552 1849 589 spec-

368 609 494 652 tatur3
526 618 683 643 occasus
713 607 808 642 item
839 605 1028 652 heliacus,
1067 607 1092 643 i.
1125 619 1158 643 e.
1191 619 1308 655 quum
1327 606 1519 655 ,ultimum
1549 608 1707 644 ineunte
1737 610 1850 644 nocte

367 676 456 722 post
486 674 579 710 solis
611 685 788 710 occasum
820 673 996 711 occidere
1027 674 1194 711 videtur.
1255 673 1346 711 Haec
1378 674 1471 711 mihi
1495 677 1674 723 tempora
1700 675 1850 723 collega

368 743 642 789 amicissimus,
687 742 894 778 immatura
922 745 1048 779 morte
1079 741 1287 791 abreptus,
1329 741 1375 778 H.
1408 741 1452 778 L.
1484 741 1683 788 D’Arrest,
1717 743 1851 792 qualia

369 794 498 846 Rossmae
529 808 693 847 Caesaris
725 809 930 847 dictatoris
962 813 1075 846 aetate
1107 810 1360 859 apparebant,
1394 808 1669 856 benignissime
1693 823 1849 860 compu—

367 880 479 914 tavit.
554 877 652 914 Tum
697 879 798 914 enim
840 877 998 915 Arcturi
1041 880 1150 914 ortus
1189 879 1376 914 cosmicus
1416 877 1477 914 die
1515 877 1757 928 Septembris
1793 878 1882 915 IX·

369 946 493 983 factus
532 950 610 992 est,
658 945 829 983 heliacus
868 946 975 996 Sept.
1014 945 1126 991 XXI,
1173 958 1332 983 occasus
1370 945 1539 983 heliacus
1576 945 1764 983 Novemb.
1802 945 1847 993 V,

369 1014 663 1062 acronychicus,
708 1014 733 1050 i.
767 1027 798 1051 e.
832 1013 897 1050 ubi
928 1027 1006 1050 una
1036 1027 1120 1050 cum
1153 1013 1232 1050 sole
1265 1013 1429 1059 occidit.
1476 1014 1542 1062 qui
1581 1027 1741 1051 occasus
1772 1027 1850 1052 non

369 1084 608 1131 conspicitur
647 1082 715 1119 sed
747 1085 1017 1131 computatur,
1062 1081 1250 1118 Novemb.
1281 1081 1443 1118 XXVII.
1517 1080 1597 1118 Nec
1635 1081 1850 1119 abhorrent

368 1149 598 1187 Calendaria
629 1149 775 1195 Graeca,
808 1162 893 1199 quae
925 1150 973 1186 ad
1005 1163 1074 1186 nos
1103 1153 1388 1199 pervenerunt3
1435 1163 1521 1186 nam
1553 1149 1615 1186 Ps.
1650 1149 1848 1199 Geminus,

369 1219 428 1255 ed.
448 1218 713 1255 Wachsmuth.
733 1231 769 1266 p.
793 1218 882 1263 177,
910 1219 947 1254 in
967 1218 1136 1265 Virginis
1161 1220 1272 1264 signo
1297 1217 1360 1254 die
1376 1217 1432 1255 X:
1465 1219 1633 1254 ἐπιτέλλει
1650 1218 1848 1267 ἅρκτοῦρος·

366 1289 499 1335 χειμὼν
543 1288 630 1323 κατὰ
672 1287 878 1322 θάλασσαν.
961 1285 1095 1323 Claud.
1136 1285 1369 1323 Ptolemaeus
1415 1286 1466 1323 ib.
1505 1298 1542 1335 p.
1584 1287 1663 1324 206
1708 1287 1850 1324 mensis

368 1356 471 1393 Thot
511 1356 572 1392 die
609 1354 762 1399 XXIII,
806 1355 828 1390 i.
863 1367 895 1392 e.
929 1353 1035 1404 Sept.
1068 1354 1161 1391 XX:
1209 1354 1399 1403 ἀρκτοῦρος
1438 1355 1521 1402 ἑῷος
1552 1354 1727 1391 ἀνατέλλει
1757 1359 1848 1392 cett.

368 1425 506 1461 Aetius
543 1423 757 1460 Amidenus
802 1423 897 1459 ibid.
937 1436 975 1471 p.
1017 1424 1121 1460 265:
1181 1423 1265 1470 μηνὶ
1308 1423 1536 1471 Σεπτεμβρίῳ
1581 1409 1616 1459 a}
1659 1423 1848 1472 dqutoiyqos

368 1493 535 1528 ἐπιτέλλει
573 1491 632 1527 καὶ
671 1491 806 1527 ἀλλοιοῖ
841 1493 881 1538 τῇ
919 1491 997 1535 ἑξῆς
1040 1490 1147 1539 ἤμέρᾳ
1187 1486 1263 1540 [τὸν
1303 1485 1419 1540 ἀέρα]
1487 1490 1583 1528 Tum
1625 1490 1672 1528 de
1712 1504 1849 1529 occasu
1905 1491 1909 1494 ’
1964 1499 1967 1538 3

367 1561 600 1598 Ptolemaeus
637 1574 674 1609 p.
716 1560 794 1596 212
841 1559 984 1595 mensis
1020 1559 1148 1607 Athyr
1187 1558 1249 1595 die
1288 1559 1384 1603 XII,
1430 1560 1456 1596 i.
1489 1572 1521 1595 e.
1555 1558 1741 1597 Novemb.
1773 1559 1848 1597 IX:

367 1629 558 1677 ἀρκτοῦρος
589 1629 754 1675 ἑσπέριος
784 1627 888 1663 δύνει.
944 1626 1006 1664 Ps.
1033 1626 1184 1664 Gemin.
1217 1640 1254 1676 p.
1289 1628 1364 1664 179
1395 1627 1435 1664 in
1466 1626 1690 1676 Scorpionis
1720 1629 1830 1677 signo
1842 1643 1857 1666 z.

366 1701 401 1733 ἐν
439 1697 475 1732 δὲ
514 1698 556 1744 τῇ
595 1693 614 1731 ἔ
645 1696 838 1743 Εὐκτήμονι
869 1695 1060 1744 &quotque
1099 1697 1263 1743 ἑσπέριος
1303 1695 1419 1731 δύεται
1457 1695 1515 1731 καὶ
1555 1695 1675 1742 ἄνεμοι
1703 1697 1853 1745 μεγάλοι

367 1767 543 1801 πνέουσιν.
599 1768 633 1800 ἐν
672 1765 708 1800 δὲ
738 1766 777 1812 τῇ
810 1760 838 1809 ᾗ
861 1763 1004 1811 Εὐδόξῳ
1036 1763 1226 1812 ἆρκτοῖνρος
1258 1764 1453 1814 ἀκρόνυχος
1492 1764 1602 1806 δύνει,
1640 1764 1699 1800 καὶ
1729 1767 1850 1810 ἐπιση-

365 1837 501 1882 μαίνει,
540 1833 598 1869 aaz
637 1832 762 1881 ἄνεμος
802 1835 889 1868 πνεῖ.
965 1831 1057 1868 Hor.
1092 1832 1163 1869 Od.
1194 1831 1270 1878 III,
1306 1834 1340 1879 l,
1380 1834 1451 1869 27:
1502 1845 1665 1879 „saevus
1695 1833 1851 1870 Arcturi

367 1903 540 1939 cadentis
580 1898 788 1951 impetus“.
830 1919 878 1925 —
921 1899 1004 1945 Qua
1042 1900 1139 1937 facie
1182 1904 1220 1936 et
1259 1904 1397 1937 ornatu
1438 1901 1649 1937 Arcturum
1696 1902 1850 1950 conspi-

367 1983 478 2007 cuum
527 1970 664 2006 fecerit
702 1969 882 2015 Plautus,
930 1969 1177 2016 ignoramus;
1223 1968 1288 2004 sed
1331 1968 1453 2005 stellae
1492 1972 1670 2005 naturam
1709 1969 1851 2018 insigni

370 2039 536 2087 quadam
570 2039 723 2074 ratione
753 2036 964 2073 indicatam
995 2036 1125 2082 fuisse,
1159 2049 1206 2073 ex
1237 2050 1272 2073 v.
1307 2037 1328 2073 3
1361 2040 1536 2085 apparet.

482 2107 518 2143 2.
564 2103 748 2151 cimitata
796 2105 843 2142 de
882 2106 1026 2142 omissa
1056 2104 1337 2154 praepositione
1369 2104 1416 2141 cf.
1449 2105 1498 2142 ad
1528 2104 1639 2142 Curc.
1673 2105 1765 2142 206.
1796 2124 1852 2131 —

370 2177 404 2211 3.
446 2175 493 2212 cf.
524 2173 665 2224 Amph.
701 2174 800 2211 598:
852 2172 938 2219 „Sic
978 2186 1061 2210 sum
1101 2178 1145 2209 ut
1181 2170 1332 2210 uides“.
1380 2192 1434 2198 —-
1480 2174 1515 2209 5.
1560 2169 1662 2219 Hic,
1708 2174 1850 2211 nostris

368 2243 502 2279 oculis.
549 2261 604 2266 —
650 2243 687 2278 7.
734 2240 828 2278 Post
856 2236 1020 2278 ambulo
1058 2241 1208 2287 hiatus,
1255 2241 1301 2278 cf.
1335 2240 1488 2290 Proleg.
1519 2255 1557 2291 p.
1592 2242 1686 2279 219.
1745 2241 1848 2279 Reiz.

372 2307 550 2357 „autem“
585 2309 767 2355 addebat,
806 2309 884 2347 Fl.:
932 2306 1199 2355 „ambulans“.
1239 2328 1293 2333 —
1329 2304 1553 2357 interdiu&
1594 2321 1627 2345 v.
1661 2307 1711 2345 ad
1740 2309 1848 2346 Asin.

370 2379 461 2415 592.
494 2398 548 2402 —
589 2379 625 2415 8.
666 2373 869 2415 accidunt.
930 2378 1149 2425 Argutatur
1179 2377 1311 2414 stellas
1342 2377 1526 2413 cadentes
1557 2377 1639 2413 sive
1668 2377 1849 2414 traiectas

367 2448 406 2483 in
453 2446 783 2496 comparationem
830 2445 1033 2483 advocans.
1090 2465 1138 2470 —
1198 2446 1258 2482 10.
1306 2440 1494 2492 disparat
1540 2443 1754 2482 distribuit.
1796 2464 1845 2470 —

367 2511 508 2552 alium.
571 2514 729 2550 Hiatum
761 2513 1050 2562 Kampmanuus
1091 2526 1237 2550 caesura
1267 2513 1432 2562 quadam
1466 2516 1509 2548 ut
1550 2513 1612 2557 „in
1649 2512 1751 2550 thesi
1788 2525 1846 2549 se—

368 2582 493 2620 cunda
538 2581 705 2631 dipodiae
750 2578 946 2618 iambicae“
989 2581 1175 2618 defendit.
1249 2580 1349 2618 Utut
1388 2584 1466 2622 est,
1512 2580 1682 2630 relinqui
1720 2580 1847 2618 debet.

368 2651 426 2687 Fl.
465 2647 575 2695 „hic“
610 2649 798 2695 addebat3
832 2649 1009 2686 Mueller.
1036 2649 1196 2686 Nachtr.
1223 2662 1260 2699 p.
1291 2649 1367 2686 142
1396 2646 1613 2695 „sorsum“.
1681 2647 1850 2698 Seyffert

369 2718 479 2756 Stud.
513 2731 548 2766 p.
584 2719 634 2754 24
671 2714 827 2756 ..aliud“
863 2718 1039 2754 coniecit.
1073 2737 1125 2742 —-
1168 2718 1229 2753 ll.
1270 2717 1371 2753 Ante
1401 2712 1611 2753 hominum
1641 2716 1781 2762 hiatus,
1811 2728 1846 2754 v.

370 2786 520 2834 Proleg.
556 2787 648 2823 221.
719 2784 869 2827 Camer.
903 2791 1072 2835 transp.:
1125 2785 1357 2830 „Hominum
1399 2786 1464 2833 qui
1497 2784 1620 2831 facta;
1666 2784 1845 2834 Spengel.
