2009 3218
373 209 392 243 4
403 206 453 243 66
1035 202 1191 237 Ηυιῖθῃε.

376 330 447 376 „Ei
480 335 565 367 erat
595 330 658 367 hic
689 329 867 380 hospes“.
909 351 955 356 —
982 341 1063 380 par
1091 329 1158 370 sui
1186 331 1267 378 F1.;
1300 333 1540 381 superiores:
1578 345 1674 381 „par
1704 330 1850 370 illius“.

372 418 427 422 ——
460 399 523 434 50.
553 392 672 435 urbis
694 395 893 446 proditor
920 399 1075 436 videtur
1105 412 1186 436 esse
1218 401 1283 448 qui
1313 399 1449 437 urbem
1480 400 1669 452 prodidit,
1709 401 1777 437 sed
1808 413 1854 437 ex

372 478 501 502 rerum
532 464 697 502 historia
728 464 823 502 nihil
854 466 931 503 tale
962 468 1152 504 novimus.
1213 453 1405 505 Dziatzko
1439 468 1536 505 Mus.
1570 467 1692 505 Rhen.
1725 467 1854 504 XXIV

372 546 411 582 p.
446 534 522 571 576
563 546 610 570 ex
647 534 732 571 Liv.
763 533 913 581 XXIV,
954 535 1003 572 35
1050 535 1291 584 suspicatur,
1337 547 1436 571 anno
1480 536 1556 572 215
1598 535 1855 585 Agrigentum

371 600 597 651 proditione
642 601 690 638 ad
729 601 1070 651 Carthaginienses
1108 603 1313 649 transisse,
1360 603 1465 651 quod
1509 603 1623 640 nimis
1663 603 1854 639 incertum

372 671 443 705 est.
475 668 658 706 Fortasse
689 668 852 706 Plautus
894 683 980 707 eum
1011 673 1164 707 tantum
1196 669 1453 718 significavit,
1500 671 1586 719 qui,
1632 671 1664 707 si
1704 671 1855 708 occasio

374 739 495 782 esset,
540 738 708 785 patriam
749 737 978 787 proditurus
1017 740 1130 775 esset.
1176 745 1236 763 ·--'
1279 739 1341 775 52.
1387 733 1655 775 mulierculae
1685 738 1857 775 relativae

374 805 576 841 sententiae
607 805 897 854 interpositum,
938 805 983 843 cf.
1018 806 1065 842 ad
1096 805 1214 843 Poen.
1251 807 1342 843 193.
1373 823 1429 830 -—-
1468 806 1531 843 55.
1570 805 1666 842 Post
1696 804 1858 853 potesse

374 871 505 907 hiatur
534 871 574 907 in
607 885 750 909 caesura
781 876 826 910 ut
857 874 921 911 63.
956 875 1021 910 65.
1059 874 1148 911 103.
1187 874 1276 911 106.
1302 892 1359 897 --
1386 874 1435 910 56
1462 886 1508 909 ex
1535 874 1612 911 530
1644 874 1858 922 repetitus3

374 939 483 976 uncis
514 939 604 976 incl.
637 939 695 978 Fl.
733 959 790 965 —
829 942 892 978 61.
940 936 1018 979 Id.
1040 971 1046 978 .
1068 935 1242 986 janum
1272 941 1542 990 parenthetice
1572 941 1857 990 interponitur3

375 1016 420 1044 eo
452 1010 510 1043 est
539 1006 642 1044 ideo.
702 1008 742 1045 Si
779 1008 827 1044 ad
867 1010 992 1046 locum
1032 1009 1220 1055 refertur,
1267 1012 1335 1045 aut
1376 1008 1581 1046 delendum
1619 1001 1678 1046 est
1719 1005 1857 1056 „huc“,

375 1077 442 1111 aut
473 1088 557 1111 cum
584 1076 854 1124 Kampmanno
883 1074 1032 1124 „hunc“
1061 1077 1320 1114 scribendum.
1342 1097 1389 1101 —
1418 1076 1511 1114 Post
1541 1071 1685 1122 fanum
1709 1077 1859 1123 hiatus;

374 1142 492 1189 vulgo
516 1146 799 1193 transponunt:
839 1144 991 1190 „fanum
1015 1142 1220 1182 Ueneris“.
1276 1144 1387 1190 Quod
1404 1144 1596 1181 Pindarus
1613 1144 1727 1193 Pyt-h.
1748 1147 1783 1192 5,
1809 1144 1859 1181 24

378 1209 546 1258 Cyrenas
583 1211 715 1259 γλυκὺν
745 1213 860 1248 κᾶπον
889 1213 1096 1262 Ἀφροδίτας
1127 1213 1239 1259 dicit,
1281 1214 1355 1250 huc
1385 1226 1463 1250 non
1495 1214 1676 1262 pertinet.
1708 1231 1763 1238 --
1795 1213 1860 1250 63.

379 1275 517 1316 auehit
547 1279 633 1316 edd.
670 1299 720 1304 —
763 1281 826 1318 65.
868 1280 963 1318 Post
985 1280 1157 1329 portum
1186 1281 1246 1318 Fl.
1283 1278 1449 1331 „quom“
1484 1281 1605 1326 addit,
1639 1280 1685 1317 cf.
1719 1281 1783 1318 22.
1810 1298 1859 1304 —

379 1347 441 1383 67.
477 1343 684 1394 quoniam,
717 1362 753 1386 v.
778 1348 825 1384 ad
850 1348 959 1386 Asin.
987 1350 1079 1386 347.
1113 1368 1166 1373 —
1200 1349 1264 1386 68.
1297 1346 1335 1387 ei
1366 1349 1453 1386 edd.
1485 1369 1539 1373 ——-
1572 1350 1636 1386 69.
1667 1342 1862 1396 Imm-epm·

374 1409 601 1461 hibernum,
634 1417 840 1464 strepitum
873 1416 1046 1453 hibernae
1078 1417 1258 1466 procellae
1288 1418 1375 1455 feci.
1417 1436 1466 1442 —
1507 1418 1572 1454 70.
1612 1425 1741 1454 unum
1771 1415 1859 1453 add.

374 1481 551 1529 Seyffert.
585 1482 694 1520 Stud.
728 1497 766 1533 p.
801 1485 874 1531 243
922 1486 1037 1533 vulgo
1078 1488 1362 1534 transponunt:
1415 1486 1610 1532 „omnium
1641 1481 1766 1522 sum“.
1808 1502 1856 1509 —-
1904 1486 1908 1489 *

375 1550 439 1586 72.
472 1549 528 1586 Ne
561 1550 690 1588 hiatus
724 1553 776 1589 sit
806 1556 897 1602 post
927 1549 1030 1600 leno,
1073 1552 1154 1590 FL:
1198 1556 1340 1603 „atque
1372 1553 1453 1590 eius
1485 1548 1665 1602 hospes“.
1699 1571 1754 1576 —-
1795 1552 1859 1589 73.

376 1614 490 1655 eiecti
520 1618 606 1656 edd.
646 1638 700 1644 —
740 1621 805 1668 75,
847 1621 893 1657 cf.
929 1622 1021 1658 366.
1053 1638 1107 1645 -—
1147 1622 1217 1669 76,
1257 1621 1303 1658 cf.
1341 1621 1431 1659 164.
1470 1640 1524 1645 —-
1564 1622 1627 1656 77.
1673 1614 1756 1657 ubi.
1802 1619 1861 1661 Fls.

380 1686 471 1734 „qui
501 1685 597 1733 ibi“,
630 1691 747 1736 recte,
781 1691 825 1725 ut
855 1688 1024 1726 videtur.
1057 1708 1111 1714 —
1151 1690 1214 1726 79.
1255 1685 1327 1738 qui
1358 1689 1406 1726 ad
1440 1685 1568 1736 „illic“
1604 1688 1783 1734 refertur,
1814 1688 1860 1724 cf.

375 1753 425 1790 ad
454 1754 562 1791 Asin.
593 1756 655 1792 64.
689 1775 743 1780 --
775 1757 839 1794 82.
881 1753 1020 1795 Ualete
1051 1757 1274 1807 dupliciter,
1305 1761 1343 1795 et
1374 1758 1423 1795 ad
1454 1756 1729 1803 valetudinem,
1761 1755 1860 1793 salu-

375 1821 486 1858 tandi
518 1835 644 1870 causa,
678 1827 717 1861 et
748 1825 797 1861 ad
828 1825 942 1862 vires.

490 2026 721 2076 Sceparnio,
769 2029 963 2067 Daemonis
1002 2043 1136 2067 servus
1175 2031 1256 2067 exit
1287 2043 1371 2067 cum
1403 2030 1493 2080 pala
1524 2033 1591 2066 aut
1621 2031 1769 2075 rastro,
1814 2030 1860 2066 ut

375 2095 500 2132 lutum
533 2095 657 2133 fodiat
688 2092 740 2144 (V.
775 2098 839 2134 96.
877 2094 992 2146 100),
1033 2111 1110 2147 quo
1139 2101 1285 2136 tectum
1317 2098 1418 2135 villae
1448 2097 1630 2148 procellae
1660 2097 1700 2133 vi
1729 2099 1858 2134 vasta-

374 2166 454 2199 tum
488 2165 642 2201 sarciat..
675 2183 730 2189 ——
762 2166 825 2201 84.
859 2162 1104 2213 Neptunus3
1138 2180 1159 2202 a
1189 2168 1286 2203 mari
1317 2167 1419 2203 enim
1450 2167 1559 2202 venit
1589 2164 1772 2214 procella.
1805 2184 1859 2189 —

376 2231 439 2268 85.
481 2227 584 2280 quid
611 2228 753 2270 uerbis
787 2229 934 2280 opust?
972 2247 1018 2271 ne
1050 2234 1190 2283 longus
1222 2236 1313 2282 sim,
1346 2234 1391 2272 cf.
1428 2235 1518 2272 135.
1551 2252 1605 2258 —
1637 2233 1701 2270 86.
1733 2228 1858 2270 Alcu-

374 2308 493 2336 mena
523 2296 750 2348 Em·2'pz'(lis
782 2301 1005 2349 tragoedia,
1046 2306 1090 2339 ut
1122 2316 1168 2338 ex
1198 2302 1267 2339 hoc
1299 2303 1385 2340 loco
1426 2305 1608 2351 apparet,
1654 2300 1857 2338 vehemen·
1911 2312 1914 2316 ·

374 2367 564 2403 tissimam
591 2372 864 2417 tempestatem
889 2369 1044 2416 obtulit,
1071 2374 1115 2407 ut
1138 2370 1352 2408 Lambinus
1379 2369 1571 2417 censebat,
1601 2370 1640 2406 in
1663 2368 1858 2406 natalibus

375 2434 567 2483 Herculis,
600 2437 645 2473 cf.
679 2437 806 2474 Plaut.
840 2437 979 2486 Amph.
1012 2439 1138 2474 1110:
1175 2437 1257 2485 „Ibi
1289 2440 1471 2475 continuo
1503 2441 1690 2475 contonat
1719 2437 1858 2474 Sonitu

375 2515 573 2549 maxum03
607 2505 714 2541 aedis
746 2506 871 2554 primo
904 2518 1018 2542 ruore
1043 2507 1224 2543 rebamur
1247 2505 1376 2544 tuas“.
1437 2505 1564 2554 Magis
1589 2505 1708 2542 dubia
1731 2505 1856 2554 suspi-

375 2574 513 2608 cantur
544 2570 735 2608 Welckor.
770 2573 922 2610 Griech.
955 2573 1198 2623 Tragoedien
1230 2588 1268 2624 p.
1302 2575 1381 2611 690
1414 2587 1496 2623 sqq.
1566 2574 1787 2611 Alcmenam
1819 2574 1858 2609 et

374 2638 702 2688 Rhadamanthyn
735 2640 894 2677 eandem
926 2641 1098 2678 fabulam
1130 2655 1301 2689 censens,
1335 2646 1373 2679 et
1403 2641 1620 2679 Francken.
1641 2639 1856 2679 Mnem.111

374 2721 412 2756 p.
449 2708 510 2744 36.
545 2726 597 2732 —
631 2708 694 2744 88.
736 2703 1009 2746 Inlitsstmrres
1039 2707 1141 2757 feeit
1170 2711 1342 2759 tegulas.
1375 2711 1398 2746 i.
1433 2725 1463 2748 e.
1496 2714 1659 2756 tectum,
1693 2710 1738 2747 cf.
1771 2709 1853 2747 Mil.

380 2776 468 2811 1513.
494 2776 581 2812 173.
607 2777 693 2811 178.
721 2776 797 2827 27⁶¹
841 2778 931 2813 28⁴3.
994 2779 1064 2822 Qui
1092 2779 1285 2825 corrigere
1311 2779 1438 2815 conati
1464 2782 1565 2825 sunt,
1600 2778 1693 2815 nihil
1720 2778 1854 2815 melius
