2009 3218
395 231 446 269 64
1079 225 1198 261 Plauti
1625 226 1685 270 iv,
1711 228 1742 270 6,
1772 228 1876 260 1--11

517 419 818 462 DORDALUS
879 419 1212 462 SAGARISTIO
1273 419 1514 462 TOXILUS
1575 420 1765 462 UIRGO.

1001 533 1276 575 Dordalus

394 606 561 647 Probae
592 604 663 646 hic
694 606 863 658 argenti
894 609 993 646 sunt
1023 607 1250 659 sexaginta
1280 606 1432 655 minae,
1813 617 1881 651 680

396 677 575 719 Duobus
607 677 793 718 nummis
825 677 977 717 minus.

989 756 1293 808 Saffarz'stz'o

1051 827 1162 877 Quid
1194 829 1232 868 ei
1264 828 1424 869 nummi
1456 828 1626 869 sciunt?

1004 907 1271 949 Dordalus

397 979 642 1021 Cruminam
676 979 788 1020 hanc
820 993 974 1029 emere,
1007 984 1081 1020 aut
1112 979 1252 1021 facere
1284 984 1332 1020 ut
1362 980 1571 1032 remigret
1599 979 1782 1021 domum.

992 1073 1294 1125 Scistarv'stv'o

397 1146 460 1187 Ne
491 1160 575 1187 non
608 1150 675 1186 sat
707 1159 823 1187 esses
854 1145 964 1196 leno,
996 1145 1039 1187 id
1073 1146 1308 1196 metuebas,
1342 1146 1481 1195 miser,

397 1217 569 1271 Impure
601 1230 746 1268 auare,
780 1232 833 1259 ne
865 1217 1109 1259 crumillam
1140 1218 1389 1259 amitteres?

1030 1309 1252 1350 Toxilus

398 1381 508 1431 Sine,
540 1394 721 1434 quaeso;
753 1380 926 1434 quando
958 1381 1053 1422 leno
1086 1384 1164 1431 θεῖ,
1197 1380 1303 1421 nihil
1335 1380 1489 1421 mirum
1519 1380 1635 1422 facit.
1820 1391 1887 1425 685

1008 1471 1280 1513 Dordalus

397 1543 536 1584 Lucro
568 1543 770 1585 faciundo
803 1557 880 1597 ego
914 1545 1136 1598 auspicaui
1167 1544 1210 1585 in
1241 1544 1357 1585 hunc
1388 1543 1523 1596 diem3

400 1615 514 1657 Nihil
547 1615 650 1657 mihi
681 1620 771 1657 tam
802 1616 927 1669 parui
960 1620 1037 1667 est,
1069 1616 1171 1670 quin
1204 1630 1270 1658 me
1300 1616 1343 1657 id
1376 1616 1523 1669 pigeat
1553 1615 1745 1669 perdere.

402 1689 490 1740 Age
522 1688 669 1741 accipe
700 1688 782 1729 hoc
813 1688 882 1729 sis.

994 1760 1058 1801 Sa
1067 1760 1264 1813 „amisti
1275 1773 1296 1801 ο

930 1832 1055 1874 Hunc
1086 1833 1127 1873 in
1161 1831 1330 1884 collum,
1362 1832 1444 1873 nisi
1475 1832 1606 1886 piget,

401 1889 577 1942 Inpone.

1010 1960 1281 2002 Dordalus

635 2032 761 2083 Uero,
792 2032 880 2074 fiat.

995 2113 1298 2165 Sayaristio

931 2184 1043 2226 Num
1076 2184 1181 2239 quid
1213 2189 1402 2226 ceterum

404 2242 469 2283 Me
502 2242 660 2283 uoltis?

1040 2314 1252 2355 Toxilus

722 2385 832 2435 Quid
864 2390 952 2426 tam
986 2386 1224 2440 properas?

997 2476 1298 2528 Sayarvssqtio

1282 2548 1349 2589 Ita
1378 2548 1595 2600 negotium
1627 2552 1713 2599 est3
1822 2559 1890 2592 690

519 2684 677 2719 Τιἰιιῑτιηι
703 2694 767 2718 om.
795 2683 822 2717 G
953 2685 1019 2717 680
1045 2683 1183 2717 Probat,
1208 2683 1274 2718 ΒΟ
1403 2683 1465 2717 681
1494 2682 1611 2717 minus
1638 2686 1693 2716 est
1821 2683 1888 2717 683

407 2741 494 2775 satis
520 2741 551 2774 A
665 2742 730 2774 (384
758 2739 956 2773 cruminam
984 2739 1050 2773 BC
1157 2741 1223 2773 688
1249 2740 1364 2783 accipi
1390 2739 1425 2773 B
1540 2740 1697 2773 688—89
1724 2739 1887 2783 nunquid

406 2806 569 2833 ceterum
596 2797 763 2831 Huncin
789 2797 923 2831 collum
953 2797 1019 2830 nisi
1047 2797 1150 2840 piget
1175 2798 1322 2840 impone
1349 2807 1436 2831 uero
1462 2795 1524 2830 fiat
1548 2796 1614 2830 BC
