2009 3218
342 207 425 248 428
1022 201 1135 236 Persa

342 329 505 372 utrum‘.>
563 330 678 369 ΡΑΕ.
717 330 857 368 Hercle
893 328 1060 369 nescio-‘⁴
1123 331 1191 368 R.:
1242 330 1380 377 „PAE.
1412 329 1553 369 Utrum
1594 334 1651 376 te,
1692 329 1822 368 hercl-e

342 396 542 439 hauscio“.
616 398 811 448 Equidem
854 412 930 437 non
976 398 1112 436 dubito
1157 399 1250 448 quin
1292 398 1432 436 utrum
1475 399 1711 436 adiectivum
1748 400 1821 446 sit3

343 469 505 518 scripsi:
545 463 693 506 Utrum
723 463 852 505 hercle
883 462 942 504 eis
972 461 1087 513 lubet,
1121 467 1181 504 vel
1212 479 1342 504 amare
1371 467 1432 504 vel
1463 466 1603 504 odisse.
1635 485 1690 490 -—
1727 467 1820 504 211.

345 533 443 588 quoi
469 532 542 585 pol
574 544 755 584 cumque,
801 535 948 580 tmesis,
981 534 1027 571 cf.
1058 533 1196 571 Bacch.
1223 534 1316 571 249.
1349 534 1456 571 Trin.
1483 534 1575 572 834.
1609 533 1659 570 ad
1680 533 1820 583 Amph.

345 606 437 643 698.
485 603 566 653 Mg.
599 602 731 640 Gram.
763 602 849 640 Lat.
884 603 961 640 203
995 615 1082 639 ann.
1121 621 1174 626 ’-
1213 603 1306 639 213.
1344 597 1475 651 Beia,
1513 601 1820 639 interiectionem

348 669 494 720 „Heia“
528 671 697 709 irridens
729 670 948 720 detorquet,
981 683 1017 706 v.
1045 668 1092 706 ad
1122 668 1239 718 Epid.
1267 670 1332 706 99.
1365 688 1417 693 —
1440 665 1612 717 probas,
1641 670 1821 717 aestimas,

343 740 390 778 cf.
423 740 529 778 Trin.
567 740 692 777 1049:
728 739 899 788 „quippe
925 750 1058 775 eorum
1083 750 1130 774 ex
1152 737 1309 786 ingenio
1341 737 1538 786 ingenium
1567 736 1705 774 horum
1734 749 1823 787 pro-

341 805 476 846 bant“.
516 827 565 832 —
597 808 690 844 214.
723 816 794 856 eyo
826 805 975 843 Camer.
1006 824 1055 830 -
1087 804 1146 852 ut,
1177 804 1202 842 i.
1221 817 1253 841 e.
1271 804 1435 854 qualem,
1469 817 1503 842 v.
1523 803 1572 841 ad
1587 804 1706 842 Mero.
1729 805 1822 843 348.

342 895 395 901 -—-
429 873 539 913 decet
568 870 772 925 familiae,
814 888 850 912 v.
883 873 931 910 ad
962 872 1103 922 Amph.
1138 872 1230 910 813.
1261 892 1316 897 -—
1349 873 1441 911 215.
1478 868 1679 920 confitere,
1711 871 1757 910 ut
1786 871 1824 911 te

343 942 538 981 autumo?
586 955 637 979 se.
670 955 771 989 esse,
820 941 989 978 omnium
1021 940 1253 989 pessimum,
1300 955 1335 979 v.
1370 941 1460 978 210.
1495 959 1562 966 ·—
1608 941 1700 978 216.
1741 935 1823 978 Fa-

346 1011 452 1059 tear,
491 1007 530 1049 si
567 1007 626 1048 ita
664 1006 763 1056 sim,
805 1022 840 1045 v.
874 1008 923 1045 ad
952 1008 1059 1045 Asin.
1096 1009 1187 1046 390.
1250 1007 1388 1046 Bacch.
1422 1009 1515 1046 633.
1563 1027 1618 1033 —
1663 1005 1822 1057 expedi,

344 1094 379 1118 v.
413 1079 461 1117 ad
492 1078 632 1127 Amph.
670 1078 788 1115 1097.
828 1096 882 1100 —
928 1077 1021 1113 217.
1066 1071 1151 1124 Quo
1182 1071 1306 1125 ayis?
1349 1089 1399 1114 sc.
1432 1080 1488 1123 te,
1535 1089 1570 1114 v.
1604 1076 1653 1114 ad
1682 1075 1822 1115 Bacch.

345 1149 463 1185 1103.
524 1146 745 1184 Pronomen
787 1144 936 1182 addunt
966 1142 1131 1181 Guietus
1170 1147 1208 1181 et
1238 1143 1498 1192 Ritschelius,
1545 1145 1611 1194 qui
1641 1143 1712 1181 hoc
1757 1143 1823 1182 ad-

341 1216 425 1253 dito
457 1214 626 1252 defectui
666 1226 800 1250 versus
837 1224 1060 1250 succursum
1101 1214 1268 1261 putavit.
1329 1212 1497 1250 Weisius
1529 1226 1613 1250 cum
1646 1212 1822 1251 Bentleio

346 1282 444 1330 „Dic
482 1279 550 1320 tu‘⁸
593 1281 801 1330 repetitum
842 1280 961 1317 fuisse
1001 1279 1187 1329 opinatus
1226 1285 1284 1317 est
1321 1284 1365 1317 ut
1406 1281 1483 1317 245
1520 1280 1615 1329 „Dic
1646 1277 1820 1318 amabo“.

341 1350 416 1388 Sed
471 1351 553 1387 veri
606 1348 794 1395 similius,
849 1350 893 1385 ut
939 1348 1109 1398 proximi
1154 1361 1290 1386 versus
1327 1348 1466 1386 lacuna
1511 1352 1599 1386 ante
1648 1345 1819 1395 ,‚scelus“

341 1431 426 1456 esse
472 1417 686 1465 indicatur,
744 1417 798 1453 ita
853 1415 967 1452 huius
1014 1429 1170 1466 quoque
1217 1416 1351 1454 eodem
1398 1430 1532 1454 versus
1577 1417 1660 1454 loco
1704 1416 1823 1454 fuisse

341 1487 543 1533 statuitur,
577 1489 616 1521 et
648 1497 734 1521 cum
765 1482 943 1520 Acidalio
975 1483 1220 1521 scribendum
1243 1481 1463 1532 posterior.
1494 1504 1548 1509 —
1588 1485 1680 1523 218.
1713 1484 1758 1523 tu
1785 1481 1823 1522 is

342 1553 431 1592 add.
464 1553 531 1599 R.‚
574 1556 612 1589 et
650 1555 812 1601 apparet
850 1554 917 1588 aut
954 1551 1028 1589 hoc
1067 1546 1135 1589 aut
1172 1552 1277 1589 aliud
1309 1553 1433 1590 simile
1464 1552 1670 1600 excidisse,
1716 1551 1824 1589 velut

346 1626 408 1669 „te
453 1618 576 1669 agis“.
665 1620 844 1671 Spengel.
875 1619 1003 1658 Plaut.
1034 1634 1073 1670 p.
1108 1621 1209 1658 226:
1267 1619 1363 1667 „SO.
1411 1620 1515 1670 Ergo
1557 1616 1662 1670 quo?
1708 1619 1821 1658 ΡΑΕ.

342 1690 426 1736 Quo
452 1702 544 1739 ergo
570 1686 751 1726 scelus?“
786 1707 840 1712 —
872 1688 964 1724 219.
1000 1684 1101 1735 „Ni“
1135 1701 1208 1738 pro
1238 1685 1325 1726 Μετ’
1354 1688 1400 1726 R.
1444 1708 1489 1713 —
1523 1684 1628 1726 Scies
1660 1687 1744 1726 cod.
1774 1687 1821 1726 D.

341 1779 394 1784 —
435 1760 525 1797 220.
566 1758 659 1795 Post
691 1765 812 1805 quam
841 1755 991 1802 hiatus3
1040 1755 1085 1793 R.
1124 1753 1245 1804 „ego“
1290 1756 1412 1794 addit.
1452 1776 1505 1780 —
1546 1757 1638 1794 221.
1677 1751 1745 1794 Ita
1774 1764 1840 1794 ne·

340 1827 477 1876 scripsi
508 1839 623 1863 sensu
654 1824 830 1870 iubente,
863 1837 897 1861 v.
933 1823 981 1860 ad
1013 1824 1122 1861 Asin.
1155 1825 1248 1862 875.
1294 1825 1382 1862 add.
1416 1824 1532 1862 Most.
1565 1825 1658 1863 937.
1704 1824 1820 1862 Poen.

340 1896 433 1933 426.
495 1894 644 1931 Errant
688 1893 754 1941 qui
800 1892 1125 1941 interrogativum
1165 1895 1205 1928 et
1250 1892 1526 1931 affirmativum
1573 1901 1622 1929 ne
1667 1891 1823 1929 confun-

341 1963 431 2001 dere
472 1965 511 1999 et
548 1960 716 1999 conflare
748 1963 960 2005 conantur,
1001 1960 1133 1997 Herm.
1166 1959 1297 1997 XVIII
1328 1974 1366 2010 p.
1403 1961 1480 1998 574
1512 1973 1570 2010 sq.
1616 1979 1670 1985 -
1715 1955 1825 1997 haud

342 2028 505 2069 dedecet
547 2030 705 2067 Rostius
750 2041 843 2075 em.,
900 2031 968 2065 aut
1020 2029 1051 2066 si
1109 2029 1219 2065 malis
1275 2041 1359 2065 cum
1407 2028 1555 2077 Buggio
1600 2026 1754 2065 Tidskr.
1796 2026 1821 2064 f.

341 2099 481 2136 Philol.
514 2097 566 2135 VI
597 2110 633 2147 p.
669 2098 711 2133 7:
763 2095 863 2142 „hau
903 2093 1105 2134 dedecet“.
1185 2095 1242 2133 De
1282 2096 1466 2146 prosodia
1504 2096 1551 2134 cf.
1592 2095 1744 2144 Proleg.
1783 2108 1820 2145 p.

343 2167 435 2204 208.
492 2166 556 2203 R.:
601 2164 690 2213 „Me
722 2163 878 2213 quidem
909 2164 1000 2201 item
1032 2162 1236 2202 addecet&
1271 2183 1319 2189 —
1356 2165 1447 2202 222.
1482 2163 1687 2201 certumne
1716 2162 1820 2201 Cam.

341 2254 394 2260 —
428 2235 521 2272 223.
560 2228 825 2281 Offirmastin
856 2219 909 2268 id.
978 2231 1034 2269 Cf.
1067 2232 1153 2269 Ter.
1188 2232 1287 2270 Eun.
1323 2233 1414 2269 217.
1457 2251 1507 2257 —
1549 2232 1640 2269 225.
1685 2226 1823 2268 Nihil-i

341 2299 451 2351 facio
482 2301 599 2348 Cam„
632 2301 655 2336 i.
689 2314 720 2338 e.
753 2313 829 2338 non
861 2312 965 2337 cura.
997 2320 1051 2325 —
1081 2297 1179 2338 item
1210 2300 1314 2338 Cam.
1347 2319 1399 2324 —-
1441 2301 1532 2338 226.
1567 2295 1700 2337 Estne
1730 2295 1824 2337 haec

339 2366 513 2409 manus?
573 2369 761 2406 Dextram
800 2367 952 2417 pridem
998 2368 1242 2416 ostenderat3
1290 2368 1444 2415 laevam,
1491 2380 1568 2416 qua
1611 2365 1822 2416 pugillares

340 2442 470 2486 tenet,
516 2436 722 2474 ostendere
763 2448 840 2473 non
879 2436 974 2474 vult.
1043 2436 1233 2485 Ijsendijk
1272 2449 1344 2486 pro
1382 2435 1442 2473 his
1480 2435 1686 2472 substituit
1726 2432 1821 2481 „Em

341 2502 458 2554 tibi“,
492 2506 595 2543 iusto
627 2503 823 2541 audacius.
856 2522 909 2527 —
950 2504 1040 2542 227.
1080 2501 1209 2543 altera
1248 2503 1411 2541 mediam
1450 2513 1617 2552 syncope
1648 2500 1822 2539 occulere

340 2573 520 2620 videtur,
562 2587 596 2610 v.
630 2571 809 2622 Spengel.
842 2571 969 2609 Plaut.
1002 2587 1039 2623 p.
1077 2573 1166 2610 105.
1221 2571 1374 2619 Proleg.
1405 2584 1442 2619 p.
1477 2570 1569 2607 211.
1611 2588 1659 2594 —
1700 2564 1821 2618 furti-

340 2640 439 2691 βείω
486 2641 536 2678 ad
575 2640 680 2678 furta
718 2638 895 2676 facienda
933 2641 1062 2690 aptior
1101 2639 1306 2677 videbatur
1343 2638 1441 2676 laeva
1480 2651 1636 2684 manus,
1677 2637 1821 2686 quippe

343 2722 458 2759 quam
488 2708 663 2746 homines
697 2718 799 2755 saepe
830 2706 950 2755 pallio
981 2708 1042 2746 vel
1073 2711 1164 2757 toga
1194 2706 1449 2754 occultarent,
1480 2717 1672 2754 quamque
1703 2703 1822 2741 ceteri

342 2777 468 2814 minus
493 2775 758 2821 observarent,
791 2774 836 2811 cf.
856 2774 981 2811 Catul.
1005 2777 1069 2813 12:
1112 2774 1359 2821 „Marrucine
1376 2773 1498 2820 Asini,
1525 2784 1640 2810 manu
1664 2772 1822 2810 sinistra

1955 3106 1962 3218 ———
1948 2823 1961 3086 -fl—-———-.„
1958 2663 1961 2801 —„—-.

1984 3199 2000 3218 >-
