2009 3218
384 231 407 267 6
1065 224 1182 258 Plauti
1616 222 1645 263 Ι,
1675 221 1702 261 1,
1732 218 1865 252 13—18

1015 348 1238 389 Toxilus

316 442 322 447 ⁵
383 421 486 470 Quis
517 421 604 461 illic
635 425 711 469 est,
743 421 817 473 qui
849 427 1000 461 contra
1032 435 1096 461 me
1128 419 1308 461 adstat?

973 513 1278 566 Sagaristio

956 584 1060 633 Quis
1092 584 1163 625 hic
1194 590 1271 626 est.
1305 585 1376 637 qui
1411 597 1477 624 me
1509 588 1657 624 contra
1690 583 1865 625 adstat?

1015 670 1236 711 Toxilus

385 742 543 783 Similis
576 747 642 783 est
673 742 995 795 Sagaristionis.

972 812 1284 865 Sayaristio

1011 885 1184 926 Toxilus
1216 885 1284 926 hic
1315 884 1489 936 quidem
1519 897 1638 924 meus
1670 885 1864 925 amicust.

1018 963 1082 1004 To
1091 964 1145 1004 xi
1155 964 1204 1005 lu
1213 977 1234 1004 s

382 1019 424 1060 Is
456 1024 522 1060 est
551 1019 753 1072 profecto.

974 1091 1274 1145 Sagaristio

708 1163 817 1204 Eum
849 1177 944 1204 esse
976 1164 1141 1216 opinor.

1015 1250 1235 1291 Toxilus

1100 1320 1374 1375 Congrediar.

972 1409 1281 1462 Sayaristio

1329 1464 1489 1507 Contra
1521 1465 1791 1518 adgredibor.
1827 1477 1868 1510 15

1016 1538 1236 1579 Toxilus

383 1607 417 1650 Ο
451 1608 703 1662 Sagaristio,
736 1609 778 1650 di
811 1617 951 1651 ament
985 1616 1038 1651 te.

977 1696 1284 1750 Sagaristio

987 1767 1021 1809 O
1054 1768 1215 1819 Toxilo,
1249 1768 1413 1810 dabunt
1445 1769 1499 1819 di,
1533 1781 1644 1822 quae
1676 1771 1863 1821 exoptes.

384 1823 440 1865 Ut
470 1824 620 1866 uales?

1016 1897 1241 1938 Toxilus

679 1952 737 1994 Ut
767 1967 889 2007 queo.

975 2025 1279 2079 Sayarz‘stio

951 2097 1062 2147 Quid
1093 2098 1264 2150 agitur?

1017 2183 1235 2225 Toxilus

1305 2256 1491 2299 Uiuitur.

976 2326 1282 2381 Saya‘ristio

384 2398 502 2440 Satin
534 2412 634 2451 ergo
666 2412 717 2439 ex
750 2399 994 2439 sententia?

1017 2470 1234 2512 Tooeilus

1078 2541 1118 2583 Si
1153 2543 1368 2591 eueniunt,
1400 2556 1509 2595 quae
1543 2548 1712 2596 exopto,
1746 2543 1865 2582 satis.

504 2678 542 2709 13
569 2680 601 2711 et
629 2677 667 2710 14
691 2676 830 2710 inverso
856 2676 980 2710 ordine
1004 2676 1035 2709 A
1115 2679 1155 2711 14
1180 2677 1422 2719 Sagaristioni
1449 2677 1481 2710 A
1578 2677 1716 2711 toxillis
1743 2676 1777 2711 Β

389 2735 529 2769 amicus
556 2736 611 2766 est
735 2734 774 2765 15
801 2732 997 2775 adgredior
1021 2733 1087 2767 BC·
1202 2736 1241 2768 16
1266 2747 1286 2767 o
1313 2738 1395 2769 ante
1419 2733 1549 2767 Toxile
1575 2744 1639 2768 om.
1665 2734 1698 2767 A
1828 2734 1867 2766 17

389 2789 504 2824 tribus
529 2789 687 2823 'cursibus
714 2789 742 2821 ,Ι
