2009 3218
348 164 429 202 384
1023 157 1141 192 Plauti
1515 156 1582 203 111,
1611 159 1638 200 1,
1665 159 1786 202 19—2,
1810 160 1831 194 6

717 347 1011 392 STRABAX
1094 348 1467 393 ASTAPHIUM

927 462 1246 517 Astaphium
1692 509 1695 511 ,

344 535 457 585 Quid
488 534 626 576 istuc?
687 533 869 576 Alienun
901 548 959 584 es,
991 534 1159 581 amabo,
1193 534 1249 574 mi
1283 532 1481 582 Strabax,
1762 545 1830 580 655

345 605 428 656 Qui
459 620 545 649 non
577 605 792 658 extemplo
823 605 935 646 intro
966 605 1099 646 ieris?
1852 596 1857 602 ’

969 705 996 748 S
1008 712 1088 747 tra
1100 705 1126 747 b
1138 719 1199 747 ax

1158 778 1276 818 Anne
1310 778 1529 830 oportuit?

606 927 608 930 v
924 878 1247 931 Astaphium

345 951 413 993 Ita
443 955 486 993 te
520 951 708 1005 quidem,
741 951 814 1004 qui
846 964 890 992 es
922 949 1162 991 familiaris.

973 1050 1203 1093 Strabax

1226 1122 1375 1173 Ibitur,

345 1180 409 1221 Ne
440 1194 507 1222 me
539 1181 696 1222 morari
729 1193 920 1222 censeas.
1251 1193 1253 1195 ·

924 1283 958 1323 A
970 1280 1152 1334 staphi
1166 1295 1191 1322 u
1206 1295 1246 1322 m

983 1352 1144 1406 Lepide
1176 1352 1293 1394 facis.

809 1590 1022 1633 SERUOS
1137 1589 1376 1632 ANGILLA
1754 1586 1828 1632 DU

941 1702 1241 1758 Stratyllax

277 1797 281 1799 *
347 1775 504 1817 Mirum
536 1775 708 1817 uidetur
739 1789 838 1823 rure
869 1775 1017 1817 erilem
1048 1775 1182 1831 filiun)

346 1846 597 1889 Strabacem
629 1862 712 1889 non
744 1848 920 1896 redisse,
950 1847 1033 1888 nisi
1067 1847 1101 1888 si
1133 1845 1375 1888 clanculum
1767 1855 1832 1889 660

346 1917 589 1972 Conlapsus
622 1924 688 1960 est
719 1919 787 1960 hic
818 1919 861 1960 in
893 1918 1185 1972 corruptelam
1216 1932 1349 1960 suam.

934 2020 1248 2074 Astaphium

348 2092 438 2134 Iam
470 2091 542 2146 pol
572 2092 659 2133 illic
689 2091 943 2133 inclamabit
974 2106 1053 2142 me,
1088 2093 1123 2133 si
1155 2091 1415 2144 adspexerit.

934 2192 1247 2247 Stratyllax

349 2265 492 2307 Nimio
526 2267 663 2306 minus
697 2279 853 2306 saeuos
885 2265 969 2306 iam
1001 2279 1106 2311 sum,
1139 2263 1409 2318 Astaphium,
1442 2277 1570 2318 quam
1602 2263 1672 2305 fui.

349 2337 440 2378 Iam
473 2351 556 2378 non
589 2351 680 2378 sum
714 2341 894 2377 truncus
924 2336 1085 2387 lentu83
1119 2336 1206 2377 noli
1239 2340 1442 2377 metuere.

463 2494 606 2529 Eadem
630 2504 736 2528 scena
761 2494 994 2528 continuatur
1064 2494 1131 2527 655
1155 2492 1313 2527 alienum
1340 2491 1368 2526 G
1436 2495 1492 2526 est
1560 2492 1626 2525 656
1651 2488 1833 2533 extemplo

350 2551 403 2585 ire
429 2551 459 2584 si
537 2551 604 2584 658
628 2549 716 2583 facis
743 2549 989 2584 Truculentus
1015 2548 1232 2593 Astaphium
1259 2548 1295 2584 B
1379 2545 1665 2582 ASTAPHIUM
1690 2557 1712 2581 a
1731 2546 1833 2590 prin·

349 2607 446 2652 cipio
471 2606 569 2642 tituli
593 2605 698 2641 addit
724 2605 752 2640 C
853 2608 919 2640 659
944 2606 1061 2640 rur-ier
1085 2606 1173 2640 item
1285 2605 1353 2639 660
1379 2605 1578 2639 Strabacce
1606 2604 1639 2638 B
1740 2601 1833 2637 clau-

351 2663 474 2698 eulum
500 2661 536 2697 B
670 2663 735 2697 662
761 2675 818 2696 me
845 2663 1060 2697 inclamauit
1084 2673 1121 2697 se
1260 2661 1419 2706 asspexit
1448 2661 1476 2696 O
1621 2661 1686 2695 663
1710 2659 1832 2693 iuisaoe
1864 2680 1865 2683 =

351 2719 482 2762 (inisse
507 2718 556 2761 B)
581 2730 647 2753 uos
730 2730 861 2759 *sumas
888 2719 1093 2762 astaphium
1187 2718 1253 2753 664
1278 2718 1506 2752 truculentus
1585 2715 1770 2751 ⁴metueris
