2009 3218
824 217 865 251 V.
890 219 1077 253 452—490.
1498 246 1502 251 ·
1552 257 1555 260 .
1610 225 1690 264 637

206 364 253 370 -
295 345 335 383 et
371 357 419 382 ne
459 357 571 394 quem
612 343 806 391 offendat,
853 359 888 384 v.
928 347 1030 384 infra
1065 349 1154 385 568.
1204 348 1252 385 ad
1283 350 1389 386 Asin.
1426 349 1519 387 564.
1580 349 1690 387 Sch.:

206 414 289 459 „fer
320 411 526 450 uerbenam
560 412 632 449 huc
663 414 769 450 intus
800 418 839 450 et
868 411 932 451 b.“
970 434 1018 440 —
1052 417 1144 453 476.
1177 412 1254 453 huc
1285 416 1474 454 Fleckeis.
1550 413 1694 456 ueniat

206 480 383 519 Guietus.
666 472 675 480 ’

316 549 410 585 477.
456 547 736 597 Stratophanes
776 549 888 588 miles
920 564 941 587 a
972 552 1114 588 ceteris
1147 551 1315 588 nondum
1348 556 1579 602 conspectus
1613 554 1690 590 vir-

202 619 326 653 tutem
358 629 468 653 suam
498 616 787 666 spectatoribus
817 618 1018 666 praedicat.
1053 638 1101 644 —
1138 620 1232 655 478.
1265 615 1402 657 duella
1433 619 1605 659 Gronov.
1638 641 1690 646 —

207 684 339 731 „soleo
370 696 453 733 ego,
486 683 589 720 haud
613 682 882 723 sermonibus“
909 685 994 723 Sch.
1021 706 1074 711 —
1101 687 1192 723 479.
1226 685 1522 726 ‘memorauisse
1554 689 1612 726 ed.
1631 702 1692 739 pr.

202 772 255 777 —
287 753 368 789 480
399 752 500 789 male
532 755 769 801 corruptus;
802 753 1034 791 emendandi
1066 758 1229 791 conatus
1259 769 1295 792 v.
1323 768 1384 805 ap.
1404 754 1516 801 Sch.;
1549 755 1690 805 Speng.

208 819 292 867 „Ex
325 819 493 857 Homero
534 821 610 857 iam
650 825 689 857 et
726 826 818 871 post
848 821 958 859 illum
989 822 1102 858 multi
1135 824 1340 859 memorari
1371 821 1515 873 potis“.
1557 824 1690 862 Muell.

208 887 283 934 „Et
313 887 472 924 Homeri
503 890 631 925 aetate
662 892 701 925 et
729 889 890 938 postilla
921 889 1027 926 mille
1058 891 1265 927 memorari
1292 889 1439 939 potis“.
1487 891 1562 929 Sed
1587 897 1692 929 recte

203 954 392 1005 Geppert.
425 957 583 1005 negavit
620 939 682 993 hid
714 956 873 994 Homeri
910 957 1033 994 ullum
1072 958 1196 995 locum
1244 970 1347 1004 esse,
1396 960 1541 1009 quippe
1588 961 1692 1010 apud

204 1036 316 1073 quem
349 1023 444 1060 nihil
475 1023 553 1061 tale
578 1036 743 1073 usquam
769 1024 934 1072 legatur,
967 1038 1087 1074 quare
1105 1025 1341 1063 Schoellius:
1389 1026 1464 1073 „Et
1480 1027 1691 1065 Thrasoni-

205 1091 293 1129 dam
325 1095 363 1129 et
394 1092 555 1141 postilla
585 1090 716 1130 cett.“.
764 1093 818 1131 Ut
848 1106 982 1131 sensus
1014 1095 1097 1131 veri
1129 1094 1265 1131 similis
1291 1094 1493 1141 reddatur,
1525 1095 1692 1145 exempli

205 1172 320 1198 causa
350 1160 594 1209 scripserim:
631 1159 707 1206 „Et
733 1159 955 1198 Graecorum
981 1165 1021 1198 et
1050 1161 1308 1199 barbarorum
1338 1162 1455 1199 turba
1486 1165 1693 1200 memorari

203 1226 375 1278 potest“.
415 1247 469 1253 -
508 1228 602 1265 481.
633 1226 792 1278 puynis
823 1227 927 1266 Cam.
989 1224 1142 1267 Falsas
1163 1239 1333 1279 puynas
1365 1230 1530 1277 deferre,
1564 1235 1607 1268 ut
1638 1233 1693 1268 ait.

203 1296 354 1334 Fronto
393 1309 431 1346 p.
466 1296 517 1333 84
548 1296 680 1343 Nieb.,
723 1296 893 1334 militare
932 1295 1123 1346 flagitium
1164 1301 1234 1334 est.
1310 1297 1367 1335 De
1404 1298 1513 1335 falsis
1551 1301 1692 1348 pugnis

205 1367 333 1402 autem
365 1363 418 1401 M.
451 1363 548 1401 Cato
580 1366 798 1402 orationem
830 1365 969 1402 habuit
999 1369 1133 1402 contra
1164 1365 1207 1411 Q.
1234 1365 1446 1403 Minucium
1471 1366 1691 1414 Thermum,

205 1446 239 1470 v.
272 1431 371 1469 Gell.
404 1431 451 1479 X,
488 1433 523 1478 3,
561 1434 624 1478 17,
656 1436 701 1470 ut
731 1432 888 1469 videtur
919 1446 1020 1471 anno
1052 1447 1085 1470 a.
1119 1432 1207 1471 Chr.
1241 1447 1277 1471 n.
1314 1435 1404 1480 190,
1438 1446 1515 1483 quo
1548 1433 1591 1480 Q.
1618 1435 1691 1471 Mi-

204 1500 319 1538 nucio
359 1513 406 1536 ex
437 1499 650 1548 Liguribus
688 1499 872 1537 redeunti
910 1501 1133 1551 triumphus
1174 1514 1195 1538 a
1233 1505 1374 1539 senatu
1412 1505 1578 1550 negatus
1620 1506 1691 1547 est,

203 1581 239 1606 v.
260 1567 343 1606 Liv.
362 1567 562 1613 XXXVII,
583 1569 648 1614 46,
670 1569 704 1606 2.
726 1588 773 1594 -
803 1569 895 1614 482,
928 1581 1081 1605 versum
1105 1570 1271 1619 proximi
1296 1571 1527 1607 sententiam
1558 1572 1690 1620 inepte

205 1639 460 1686 repetentem,
492 1636 577 1673 iure
607 1637 844 1687 proscripsit
873 1636 980 1673 Brix.
1000 1636 1234 1686 Corruptam
1267 1638 1502 1687 scripturam
1532 1639 1586 1676 sic
1616 1652 1688 1676 em.

206 1703 315 1742 Sch.;
351 1703 464 1751 „Non
494 1704 745 1751 laudandust,
785 1705 876 1754 quoi
914 1706 1003 1754 plus
1035 1705 1161 1742 credit
1191 1707 1257 1754 qui
1288 1706 1398 1743 audit
1427 1706 1542 1744 homo
1573 1720 1688 1757 quam

207 1773 274 1822 qui
310 1770 462 1820 uidet“,
508 1774 575 1822 qui
619 1772 726 1821 quod
772 1773 887 1810 etiam
933 1772 1031 1810 duos
1076 1774 1276 1823 proximos
1315 1774 1486 1821 damnat,
1535 1776 1692 1812 minime

205 1840 451 1890 probandum
484 1845 554 1878 est.
590 1859 638 1865 —
671 1841 766 1878 483.
798 1850 915 1890 quem
939 1840 1048 1878 Acid.
1110 1850 1232 1890 quam
1256 1838 1329 1891 qui
1353 1842 1413 1879 ed.
1433 1856 1491 1892 pr.
1519 1862 1573 1868 —
1597 1844 1690 1881 484.

204 1912 316 1947 ‘tonus
347 1911 511 1947 accessit
541 1922 587 1946 ex
618 1909 772 1958 Apulei.
834 1908 983 1946 Florid.
1020 1910 1043 1946 2
1073 1913 1112 1945 et
1143 1908 1248 1946 Fest.
1295 1909 1400 1959 Epit.
1434 1922 1472 1959 p.
1504 1911 1592 1955 179,
1626 1912 1693 1959 qui

206 1989 359 2014 versum
390 1977 585 2025 integrum
618 1977 789 2015 laudant.
864 1973 1072 2015 oculatum
1102 1976 1242 2014 Festus
1283 1978 1472 2028 explicat:
1522 1979 1613 2027 „qui
1652 1991 1693 2016 se

207 2043 350 2082 vidisse
377 2042 521 2083 dicat“.
583 2044 787 2083 Sententia
813 2046 917 2095 apud
942 2045 1124 2093 antiquos
1149 2045 1321 2094 vulgata,
1356 2046 1403 2083 cf.
1431 2045 1566 2084 Horat.
1585 2046 1631 2084 A.
1650 2045 1691 2084 P.

212 2113 288 2150 180
320 2126 377 2162 sq.
454 2113 589 2151 Senec.
619 2112 688 2159 Qu.
723 2117 803 2150 nat.
838 2113 910 2160 IV,
942 2114 986 2159 3,
1025 2114 1064 2149 1:
1115 2125 1185 2159 „ex
1223 2113 1281 2149 his
1320 2126 1379 2150 me
1417 2113 1583 2151 testibus
1621 2126 1692 2151 nu—

207 2193 314 2218 mero
355 2180 534 2218 secundae
577 2186 698 2227 notae,
738 2183 803 2230 qui
843 2181 997 2218 audisse
1036 2180 1191 2229 quidem
1230 2194 1290 2226 se,
1332 2181 1476 2218 vidisse
1507 2180 1691 2229 negant“.

208 2247 281 2297 Ep.
316 2249 351 2294 6,
386 2250 427 2286 5:
473 2249 671 2296 „homines
711 2249 876 2298 amplius
915 2238 1037 2286 oculis
1068 2261 1184 2298 quam
1217 2248 1376 2286 auribus
1408 2248 1611 2287 credunt“.
1645 2250 1692 2286 al.

212 2334 260 2340 —
300 2317 394 2354 485.
441 2314 584 2355 audita
623 2317 682 2354 ed.
715 2330 772 2367 pr.
815 2337 869 2342 --
915 2317 1010 2354 486.
1056 2326 1240 2363 scurrae,
1287 2329 1321 2354 v.
1365 2317 1414 2354 ad
1455 2316 1566 2355 Cure.
1602 2319 1693 2356 296.

208 2381 440 2431 Μαέεἱίαηί,
472 2384 518 2422 cf.
550 2385 641 2423 309.
669 2404 722 2410 —-
754 2386 848 2422 487.
881 2384 1013 2433 Neque
1044 2385 1083 2429 ii,
1117 2386 1183 2434 qui
1216 2383 1334 2434 quum
1367 2385 1470 2422 domi
1501 2391 1694 2424 maneant.

210 2452 346 2500 lingua
376 2452 588 2500 gloriantes
619 2452 820 2490 hostilium
853 2451 1076 2500 gladiorum
1111 2453 1228 2489 aciem
1261 2452 1458 2501 hebetant,
1491 2453 1537 2490 cf.
1557 2453 1640 2491 Mil.
1659 2454 1695 2490 4.

210 2539 264 2544 —
308 2520 401 2557 488.
455 2518 596 2569 oryutz'
631 2521 670 2557 et
708 2519 768 2557 ed.
810 2533 892 2570 pr.,
942 2519 989 2557 cf.
1031 2520 1080 2557 ad
1121 2519 1261 2557 Pseud.
1304 2522 1396 2559 750.
1480 2521 1566 2558 Sch.
1609 2533 1694 2558 cum

209 2586 435 2635 Seyffertioz
473 2592 635 2637 „argute
667 2586 783 2625 cati“.
816 2607 871 2612 —
904 2588 999 2625 489.
1031 2587 1220 2637 aryutam
1251 2588 1418 2626 Turneb.
1454 2608 1506 2613 ·—
1537 2589 1618 2626 490
1650 2601 1697 2626 ex

210 2654 387 2693 Varrone
425 2656 648 2702 restitutus,
688 2656 753 2705 qui
788 2655 829 2692 L.
863 2655 905 2692 L.
939 2655 1029 2698 VII,
1076 2656 1126 2693 70
1165 2668 1318 2694 versum
1356 2656 1492 2694 laudat
1530 2655 1694 2694 addens:

215 2717 430 2771 „Praeftca
459 2722 587 2769 dicta,
634 2727 678 2761 ut
708 2723 892 2760 Aurelius
931 2723 1086 2770 scribit,
1135 2724 1293 2771 mulier,
1341 2724 1387 2761 ad
1427 2724 1574 2761 luctum
1612 2736 1696 2773 quae

212 2790 512 2836 conduceretur,
559 2803 644 2840 quae
690 2795 779 2828 ante
826 2791 981 2828 domum
1026 2793 1171 2829 mortui
1216 2792 1349 2829 laudes
1396 2792 1478 2828 eius
1524 2797 1695 2828 caneret.
