2009 3218
739 225 778 257 v.
810 227 1038 262 1205—1273.
1389 269 1399 278 ,
1553 231 1633 271 505

152 367 237 392 num
269 357 313 390 ut
345 355 401 390 ait
431 366 467 402 p.
503 353 572 389 62:
623 353 720 400 „hoc
752 354 835 390 vult
868 353 1088 393 Daemones:
1128 360 1341 407 propterea
1380 369 1483 408 saepe
1514 357 1637 395 malos

151 422 333 461 habemus
371 433 521 468 servm,
569 420 672 470 quod
711 421 786 471 ipsi
826 433 957 458 eorum
997 424 1119 473 cnlpae
1159 424 1294 463 affines
1331 424 1504 464 sumus“.
1565 426 1637 464 Re·

151 490 287 541 quirit:
334 488 456 535 „Nam
487 489 577 526 illoc
607 502 692 526 cum
724 502 837 527 seruo
869 490 899 526 si
931 492 1017 539 quis
1050 505 1279 541 congressus
1310 492 1454 532 foret“.
1513 495 1635 532 Immo

149 560 279 608 potius
308 553 398 595 illic
428 566 519 595 cum
549 567 678 595 auaro
710 554 750 594 si
781 567 871 606 quo.
905 578 959 584 —
997 560 1114 597 1247.
1148 555 1254 606 furti
1285 561 1373 601 edd.

262 763 366 800 1252
406 776 490 812 sqq.
530 763 720 800 trochaici
760 765 984 813 septenarii.
1045 764 1215 802 Advenit
1256 779 1340 803 cum
1380 766 1634 805 Trachalione

146 830 396 880 Plesidippus
443 831 587 880 gaudio
633 832 842 869 exsultans.
920 832 1116 883 Principio
1156 833 1299 871 similia
1337 839 1427 872 sunt
1465 849 1549 885 quae
1587 849 1633 873 ex

146 899 267 936 Iliona
307 899 512 946 tragoedia
553 898 686 937 Cicero
726 900 936 949 aliquoties
967 900 1101 947 affert,
1144 915 1178 938 v.
1211 901 1323 939 Ribb.
1356 902 1499 942 Pacuv.
1533 906 1633 942 202:

150 968 270 1015 „itera
303 967 392 1004 dum
426 966 560 1004 eadem
594 968 713 1005 istaec
745 966 880 1007 mihi“.
910 988 966 993 --
1012 970 1129 1007 1255.
1179 966 1303 1018 opino
1343 970 1423 1017 Fl.,
1462 972 1509 1008 cf.
1538 973 1631 1010 986.

144 1055 199 1061 —
241 1036 358 1073 1256.
413 1030 606 1074 Censen?
644 1031 943 1084 despondebit?
979 1039 1002 1074 i.
1037 1051 1068 1074 e.
1103 1037 1205 1084 Quid
1237 1038 1398 1075 censes?
1445 1052 1535 1076 num
1570 1040 1632 1076 de-

145 1101 383 1155 spondebit?
422 1102 626 1141 structura
656 1106 898 1154 paratactica
929 1117 1002 1154 pro
1034 1105 1296 1155 hypotactica.
1329 1111 1373 1144 ut
1405 1108 1441 1143 in
1479 1105 1633 1155 „faxo“,

147 1169 272 1220 „scio“
308 1172 493 1221 aliisque,
538 1186 574 1210 v.
608 1173 656 1210 ad
687 1172 827 1222 Amph.
861 1174 955 1210 433.
1030 1173 1137 1211 Idem
1176 1175 1213 1211 in
1252 1175 1631 1223 interrogationibus

142 1241 283 1278 factum
326 1253 408 1277 esse
447 1241 620 1278 ostendit
660 1240 751 1279 Hor.
785 1240 865 1278 Sat.
898 1241 954 1288 Π,
990 1243 1025 1288 5,
1061 1243 1110 1279 76
1144 1255 1221 1292 sq.:
1269 1240 1497 1290 „PutasneT'
1538 1243 1630 1280 Per-

144 1309 230 1347 duci
260 1306 460 1358 poterit?“
510 1322 554 1346 ac
590 1309 756 1347 fortasse
795 1312 912 1347 etiam
944 1310 1032 1347 Aul.
1068 1311 1144 1347 301
1180 1311 1343 1348 retineri
1375 1311 1491 1348 debet
1524 1312 1630 1349 codi-

143 1389 225 1414 cum
255 1377 451 1426 scriptura
485 1374 681 1427 „potest“.
715 1398 767 1402 ——
805 1379 922 1415 1257.
961 1373 1128 1425 Cenem,
1168 1392 1218 1416 sc.
1250 1379 1481 1427 faciendum,
1512 1393 1548 1418 v.
1581 1380 1630 1417 ad

143 1445 280 1495 Amph.
313 1446 405 1483 959.
447 1465 500 1470 -
542 1447 647 1490 1259
679 1459 736 1496 sq.
770 1446 960 1484 Hilaritas
991 1447 1252 1484 adolescentis
1282 1449 1321 1484 in
1352 1447 1523 1485 ludendo
1553 1447 1629 1486 sibi

142 1513 336 1563 indulget,
369 1517 407 1550 et
438 1514 581 1552 similia
612 1514 812 1563 adsciscit,
852 1527 938 1564 quae
969 1515 1017 1552 ad
1050 1528 1129 1552 rem
1161 1528 1236 1553 non
1266 1516 1477 1566 pertinent.
1537 1516 1629 1553 Haec

141 1581 240 1619 enim
274 1595 320 1618 ex
351 1594 470 1620 censu
499 1583 637 1633 populi
667 1586 823 1634 sumpta
862 1582 1064 1631 videntur,
1110 1583 1178 1621 ubi
1215 1597 1352 1621 censor
1382 1587 1515 1633 rogat,
1562 1585 1630 1634 qui

141 1652 320 1687 censetur
349 1651 573 1699 respondet.
634 1651 858 1701 Interrogat
896 1655 1045 1697 autem,
1094 1649 1241 1701 quanti
1281 1665 1361 1689 rem
1402 1665 1512 1690 suam
1544 1666 1630 1690 esse

143 1721 311 1764 censeat,
359 1719 440 1755 sive
487 1720 623 1769 quanti
663 1720 815 1757 censeri
856 1719 963 1757 velit.
1039 1719 1245 1758 Trachalio
1277 1721 1332 1757 sic
1363 1722 1630 1771 interrogatus

139 1788 267 1823 tamen
298 1786 398 1823 nihil
428 1787 641 1837 respondet
671 1788 746 1825 nisi
772 1788 878 1838 quod
901 1801 1055 1838 semper
1078 1792 1203 1836 antea,
1236 1798 1387 1835 6672860,
1421 1802 1498 1838 quo
1523 1789 1627 1827 facto

138 1853 388 1904 Plesidippus
433 1868 474 1892 se
520 1855 655 1893 adesse
701 1856 814 1903 dicit,
872 1858 1169 1906 censioncmque
1214 1869 1321 1894 suam
1368 1860 1500 1907 potius
1545 1871 1628 1896 esse

139 1934 252 1971 quam
284 1923 406 1970 servi3
451 1927 556 1961 recte
589 1925 691 1960 enim
723 1923 801 1962 Fl.:
848 1920 1015 1962 Adsum
1045 1921 1246 1974 equidem.
1278 1945 1332 1951 -——
1374 1926 1493 1963 1262.
1539 1940 1624 1974 „sa-

137 1990 258 2028 lutem
297 1989 532 2030 adueniens“
568 1992 628 2030 Fl.
700 1992 756 2029 Ne
794 1992 924 2030 hiatus
963 1993 1015 2030 sit
1050 1996 1142 2043 post
1175 1990 1399 2041 ‚‚Censeo“‚
1446 1994 1626 2032 Mueller.

138 2058 293 2095 maluit:
337 2058 489 2106 „Etiam
521 2061 604 2098 eius
634 2060 814 2111 patrem‘'
850 2067 893 2098 ut
929 2061 1048 2098 1264.
1082 2080 1136 2086 —
1170 2062 1288 2099 1267.
1328 2058 1430 2099 Non
1461 2072 1626 2110 oensem

138 2131 180 2165 ut
214 2128 318 2166 1259
351 2128 454 2166 idem
485 2129 645 2178 repetit,
678 2129 788 2178 quasi
820 2141 935 2178 quam
969 2132 1103 2179 aptum
1133 2130 1184 2166 sit
1213 2143 1352 2179 parum
1385 2144 1537 2168 curans.

251 2333 370 2370 1268.
418 2333 574 2371 Labrax
613 2334 775 2372 advenit
804 2334 948 2371 iudicio
981 2334 1198 2371 damnatus,
1253 2333 1500 2386 'Septenariis
1531 2336 1625 2372 iarn-

135 2400 230 2439 bicis
254 2402 450 2438 fortunam
472 2415 580 2439 suam
608 2405 800 2451 queritur.
876 2398 1069 2439 mortalis
1100 2401 1270 2439 Reizius.
1288 2402 1467 2440 Mueller.
1498 2416 1625 2449 „mor-

135 2466 295 2506 talium“
330 2470 492 2506 retineri
522 2483 636 2520 posse
668 2470 775 2518 dicit,
808 2471 840 2507 si
871 2470 1068 2507 scribatur
1103 2469 1226 2517 „alter
1254 2469 1416 2517 uiuat“;
1448 2472 1517 2508 sed
1540 2475 1623 2508 tum

59 2539 62 2542 ’
134 2537 237 2586 perit
267 2537 452 2575 diaeresis.
486 2557 539 2563 ——
574 2539 693 2575 1269.
726 2535 798 2584 ad,
830 2539 856 2575 i.
889 2551 920 2575 e.
954 2537 1076 2588 apud,
1116 2551 1151 2575 v.
1185 2538 1234 2575 ad
1266 2539 1372 2576 Asin.
1406 2540 1498 2577 818.
1534 2539 1622 2577 add.

135 2602 252 2642 Most.
287 2606 379 2642 344.
433 2605 539 2642 Men.
575 2607 666 2644 573.
722 2606 828 2643 Trin.
855 2606 948 2643 496.
996 2605 1151 2643 Trucul.
1179 2607 1244 2644 99.
1303 2606 1622 2655 recuperatores,

135 2683 170 2708 v.
201 2672 248 2708 ad
282 2672 420 2710 Bacch.
454 2674 546 2710 267.
590 2693 637 2698 -
683 2675 800 2711 1271.
840 2670 956 2711 Nam
985 2679 1058 2711 cet.
1128 2673 1218 2712 Haec
1248 2688 1402 2725 quoque
1434 2675 1623 2724 querendi

134 2751 248 2777 causa
275 2747 353 2782 est;
386 2742 432 2778 cf.
466 2742 515 2778 ad
531 2742 638 2779 Asin.
663 2743 752 2779 122.
781 2761 834 2766 -
866 2743 984 2779 1273.
1017 2738 1187 2780 alteram
1218 2743 1365 2793 pendet
1396 2745 1442 2779 ab
1474 2740 1620 2789 uisam,

60 2806 68 2812 ”
133 2812 177 2844 ut
206 2807 324 2858 Epid.
352 2809 445 2846 213.
506 2809 594 2846 Ter.
621 2808 714 2846 Hec.
735 2810 833 2847 341:
880 2808 990 2853 „Non
1022 2811 1145 2847 uisam
1178 2823 1336 2858 uxorem
1368 2810 1618 2860 Pamphili?“
