2009 3218
231 759 260 796 -σ

264 772 313 802 ῐῖῐ

256 837 313 1810 ΙΙΙΙΙΙΙΙΙΙΙΙΙΙΙΙΙΙ

258 1919 313 2210 litii!

647 549 956 609 Emendanda
994 552 1040 601 et
1076 551 1308 604 addenda.

374 819 424 854 28
464 838 478 844 -
527 819 605 854 257

373 876 424 912 40
463 895 477 900 -
524 875 604 912 400

371 951 424 956 -
456 945 536 968 var.
565 932 700 981 script.
736 951 783 956 —

371 989 421 1025 44
456 1003 490 1026 v.
525 989 603 1026 469

333 1040 424 1082 '00
464 1065 477 1071 -
529 1047 604 1083 107

317 790 324 797 .
378 762 423 797 17,
457 775 492 798 v.
530 761 603 798 141
640 759 910 797 scribendum:
951 755 1051 797 edes

950 813 1068 854 caelo

948 873 1115 911 iuratus
1147 876 1213 912 est
1244 887 1288 912 Se

946 932 1026 969 400
1058 944 1143 968 sese
1173 933 1240 967 ΒΟ

945 984 1139 1026 obiciunt.

949 1041 1082 1083 ullum

349 1074 421 1139 101
466 1122 479 1128 -
527 1103 606 1140 262
640 1102 818 1140 deleatur
850 1115 1010 1140 comma.

347 1160 424 1197 102
465 1179 478 1186 ·
530 1160 607 1198 291
641 1159 908 1197 scribendum:
950 1161 1016 1197 est
1049 1155 1175 1199 (lomi.

347 1217 422 1254 103
463 1236 474 1241 ·
521 1218 597 1254 301

348 1275 420 1311 121
462 1292 475 1298 -
524 1275 602 1311 570

347 1331 422 1368 135
464 1351 477 1356 -
526 1331 604 1368 784

346 1388 421 1424 143
462 1408 476 1413 -
524 1389 600 1425 881

348 1446 423 1482 146
464 1465 477 1470 -
526 1446 604 1483 930

347 1503 421 1540 175
462 1503 603 1539 -1288

344 1561 419 1596 201
461 1578 474 1584 -
527 1560 602 1596 130

344 1617 422 1653 203
463 1636 477 1642 -
527 1618 602 1653 163

344 1667 478 1711 207'-
526 1674 605 1711 253

344 1731 422 1767 213
463 1750 476 1756 -
526 1731 601 1767 331

344 1788 419 1824 221
464 1808 478 1813 -
524 1788 604 1824 408

345 1902 423 1938 222
465 1921 478 1926 -
526 1902 605 1938 429

345 1959 424 1995 223
458 1961 548 1995 ante
580 1960 659 1995 446

346 2015 422 2051 229
456 2027 491 2052 v.
528 2016 605 2053 539

358 2091 411 2097 —
458 2085 538 2109 var,
572 2085 644 2110 scr.
678 2071 876 2110 deleatur:

345 2130 423 2167 238
456 2141 490 2166 V.
527 2131 604 2167 645
638 2129 908 2167 scribendum:

346 2187 424 2224 239
457 2199 490 2222 v.
527 2188 604 2224 666

732 1236 790 1813 ΙΙῙΙΙΙΙΙΙΙΙ

737 1922 791 2040 ΙΙΙ

945 1213 1180 1255 dormimus

949 1271 1182 1325 quiequam
1215 1272 1388 1314 credam

947 1327 1091 1369 lenoni
1126 1334 1194 1370 sat
1225 1335 1303 1371 est.

947 1398 1013 1425 me
1044 1384 1171 1427 hodie
1214 1420 1222 1434 ,
1259 1395 1297 1427 et
1328 1391 1507 1429 deleatur
1538 1406 1618 1430 var.
1643 1408 1715 1431 scr.

949 1442 1219 1494 adulescens,
1252 1445 1430 1497 piscium

947 1501 1120 1541 tenuius

947 1562 1026 1604 est,
1059 1557 1175 1610 quod
1208 1558 1262 1598 ad

949 1614 1110 1663 decem,

951 1675 1050 1712 exta

947 1727 1224 1769 Pinacium
1266 1729 1356 1781 (non
1390 1731 1716 1785 Gelasimus)

948 1784 1102 1826 faciam
1145 1786 1334 1826 aduentu
1413 1821 1419 1835 ‚
1462 1797 1498 1829 et
1539 1793 1719 1830 deleatur

1041 1859 1123 1882 var·
1156 1860 1228 1883 SCI'.

950 1913 1117 1941 censeo.

957 1955 1259 1998 Gelasimus

949 2014 1060 2054 istoc

952 2074 1050 2110 istoc

948 2126 1030 2168 hac

949 2184 1134 2226 attinet?

257 2261 312 2267 —
345 2244 423 2280 240
456 2257 490 2279 v.
527 2245 604 2281 680
637 2243 904 2282 scribendum:
946 2240 1149 2294 adligaui.

257 2318 312 2324 -—
345 2301 422 2337 255
456 2313 539 2337 var.
573 2301 704 2350 §ariph
738 2321 791 2326 —

953 2302 1002 2339 38
1034 2296 1128 2351 (non
1163 2301 1230 2347 37)

344 2358 423 2394 256
455 2370 491 2393 v.
554 2359 604 2395 50
637 2358 817 2395 deleatur
849 2371 1008 2395 comma.

343 2414 422 2451 262
462 2434 478 2441 -
529 2416 603 2453 152

345 2471 422 2508 269
463 2491 478 2497 -
526 2473 604 2509 277

257 2546 312 2552 --
344 2529 422 2565 272
456 2541 536 2566 var.
565 2529 700 2578 script.
732 2549 786 2554 —

947 2411 1132 2466 quodam
1165 2436 1219 2441 —-
1251 2383 1333 2454 Sed

950 2471 1087 2518 Quam

948 2530 1024 2566 336
1071 2530 1340 2580 praedicatum
1387 2531 1508 2568 ferme
1552 2531 1718 2568 familia-

1042 2588 1139 2624 riter
1170 2587 1239 2622 BC

259 2659 308 2665 —-
344 2643 422 2679 273
456 2654 515 2678 vv.
551 2643 629 2680 348
662 2647 699 2680 et
733 2643 811 2679 349
844 2647 1034 2680 commata
1066 2648 1264 2693 ponantur
1296 2658 1367 2694 pro
1397 2645 1602 2682 semicolis.

256 2717 311 2722 ——
345 2700 422 2735 274
456 2712 491 2735 v.
528 2701 605 2737 362
639 2698 908 2737 scribendum:
951 2697 1167 2750 exprobra

261 2773 309 2779 -
345 2756 423 2792 280
457 2769 537 2792 var.
569 2769 642 2792 scr.
675 2760 767 2806 post
799 2757 874 2793 441
912 2756 1101 2794 addatur:
1134 2757 1213 2795 Nec
1246 2771 1360 2807 quam
1393 2760 1426 2792 A

261 2830 308 2836 --
344 2813 422 2849 292
454 2825 535 2849 var.
568 2814 702 2863 script.
734 2813 1003 2851 scribendum:
1039 2815 1118 2852 619
1152 2815 1350 2858 charmide
