2009 3218
136 215 204 258 111,
231 219 261 259 4,
286 217 416 252 60—71
808 216 966 251 Rudens.
1548 219 1623 257 133

737 341 1022 382 Daemones

133 414 222 468 Ego
254 414 368 456 dabo
399 415 553 466 ignem,
586 415 621 455 si
653 414 828 468 quidem
852 414 893 455 in
922 415 1066 468 capite
1093 419 1168 456 tuo
1193 414 1408 456 conflandi
1438 418 1619 469 copiast.

771 492 980 534 Labrax

131 565 208 608 Ibo
239 564 384 608 hercle
416 565 562 619 aliquo
594 567 886 618 quaeritatum
918 567 1073 619 ignem.

729 645 1018 687 Daemones

958 717 1084 768 Quid,
1117 731 1249 771 quom
1280 719 1526 761 inueneris?
1552 731 1620 765 756

765 796 982 838 Labrax

129 869 275 924 Ignem
307 882 510 923 magnum
541 869 611 911 hic
641 867 812 911 faciam.

725 948 1020 991 Daemones

838 1019 975 1070 Quine
1004 1021 1283 1064 inhumanum
1319 1036 1473 1065 exuras
1503 1023 1616 1065 tibi?

768 1100 976 1143 Labrax

123 1173 258 1216 Immo
289 1173 420 1216 hasce
451 1172 602 1215 ambas
634 1172 705 1214 hic
731 1174 774 1215 in
799 1187 875 1215 ara
899 1178 948 1215 ut
972 1174 1097 1215 uiuas
1125 1173 1396 1225 comburam3
1428 1175 1472 1217 id
1500 1175 1611 1217 uolo.

723 1265 1012 1307 Daemones

123 1337 232 1380 Nam
272 1337 417 1380 hercle
457 1352 535 1392 ego
575 1343 617 1380 te
660 1339 863 1380 continuo
906 1338 1111 1392 arripiam
1149 1337 1286 1380 barba
1325 1339 1440 1380 etin
1471 1340 1612 1393 ignem

1077 1423 1287 1452 commam

122 1481 265 1537 Teque
297 1481 639 1524 ambustulatum
672 1481 858 1524 obiciam
890 1483 1056 1535 magnis
1088 1482 1245 1524 auibus
1277 1482 1496 1536 pabulum.
1545 1496 1612 1529 760

123 1553 261 1605 Quom
289 1555 582 1597 coniecturam
607 1560 777 1607 egomet
801 1567 965 1596 mecum
991 1554 1117 1606 facio,
1148 1554 1257 1596 haec
1279 1554 1355 1597 illa
1382 1561 1447 1598 est
1472 1557 1609 1608 simia,

123 1626 241 1676 Quae
273 1626 398 1669 hasce
427 1626 679 1669 hirundines
711 1641 761 1669 ex
792 1626 894 1669 nido
925 1626 1019 1669 uolt
1049 1627 1216 1680 eripere
1247 1627 1459 1681 ingratiis,

123 1697 246 1749 Quod
278 1713 357 1753 ego
388 1699 432 1741 in
463 1699 624 1742 somnis
656 1699 882 1741 somniaui.

723 1790 1002 1832 Trachalio

884 1862 982 1905 Scin
1015 1863 1121 1917 quid
1153 1868 1295 1906 tecum
1327 1878 1416 1915 oro,
1449 1867 1609 1907 senex?

122 1933 179 1976 Ut
203 1933 301 1977 illas
327 1949 487 1985 serues,
520 1936 604 1977 uim
633 1935 853 1984 defendas,
887 1935 986 1977 dum
1016 1950 1092 1989 ego
1120 1950 1239 1977 erum
1265 1936 1435 1979 adduco
1452 1952 1606 1980 meum.

715 2015 1006 2058 Daemones

122 2085 292 2136 Quaere
326 2101 447 2129 erum
479 2092 610 2142 atque
641 2087 821 2129 adduce.

724 2168 1008 2209 Trachalio

785 2240 842 2281 At
872 2239 942 2282 hic
972 2255 1025 2282 ne
1045 2276 1080 2283 ..

714 2331 1008 2373 Daemones·

1045 2405 1246 2448 Maxumo
1268 2399 1391 2449 'malo
1423 2421 1513 2451 suo,
1540 2418 1607 2452 765

120 2470 164 2514 Si
194 2474 390 2526 attigerit
422 2475 513 2517 siue
545 2477 818 2530 occeptassit.

229 2633 296 2667 757
320 2633 408 2677 quin
533 2632 773 2668 uthumanum
801 2636 946 2669 oxurias
971 2635 1042 2671 BG
1155 2638 1224 2672 758
1248 2639 1328 2672 uias
1354 2638 1384 2673 G
1502 2650 1601 2673 com-

117 2685 243 2723 burem
268 2688 305 2724 B
385 2690 451 2724 759
479 2690 592 2724 barba
616 2691 793 2725 continuo
819 2692 992 2735 arripiam
1019 2692 1181 2736 B‚barba
1206 2703 1271 2729 οηι.
1301 2695 1331 2730 G
1401 2697 1556 2731 coiciam
1580 2695 1609 2731 G

118 2744 185 2779 '760
206 2746 483 2782 ambustilatum
589 2749 761 2792 papulum
791 2748 820 2783 C
926 2750 992 2784 '762
1016 2750 1080 2785 has
1194 2753 1316 2787 enudo
1342 2753 1373 2786 A
1483 2753 1603 2797 ingra-

118 2800 200 2836 tieie
223 2801 258 2836 Δ
349 2805 416 2838 764
441 2815 568 2839 seruas
595 2804 623 2839 C
713 2804 839 2839 herum
866 2804 913 2849 B,
939 2817 1002 2841 ero
1029 2807 1060 2841 A
1154 2810 1220 2843 765
1245 2809 1374 2844 herum
1402 2808 1437 2844 B
