2009 3218
144 146 194 190 11.
218 146 250 188 ὁ,
273 144 395 181 26—6.
425 144 463 176 17
762 140 1021 176 Truculentus.
1550 143 1623 180 371

144 269 289 313 Soleas
322 266 422 308 mihi
455 265 627 315 deduce,
660 265 837 320 pallium
869 266 992 306 iniice
1024 266 1065 306 in
1101 279 1165 307 me
1198 265 1291 308 huc.
1325 264 1521 307 Archilis.
1565 276 1629 308 474

146 340 226 383 Ubi
252 353 305 383 es,
333 337 616 391 Astaphium?
649 337 711 377 fer
738 336 822 378 huc
848 336 1082 378 uerbenam
1111 337 1225 386 mihi,
1260 343 1329 378 tus
1356 344 1398 378 et
1424 336 1629 385 bellaria;

145 412 252 454 Date
275 423 431 464 aquam
459 407 671 450 manibus.
733 407 857 449 Nunc
882 414 1054 449 ecastor
1078 407 1160 450 huc
1183 410 1327 450 ueniat
1350 409 1469 450 miles
1486 408 1628 449 uelim.

440 600 611 643 MILEs·
701 599 996 642 MERETRIX
1086 598 1330 641 ANCILLA

684 694 1086 748 Stratophanes

142 767 204 810 Ne
234 767 508 820 exspectetis,
541 771 821 819 spectatores,
855 780 972 808 meas
1005 779 1170 820 pugnas
1203 766 1304 806 dum
1337 766 1602 819 praedicem:

142 838 337 881 Manibus
369 838 513 880 duella
544 837 798 892 praedicare
831 837 964 885 soleo,
996 837 1112 879 haud
1145 839 1187 878 in
1221 837 1508 879 sermonibus.

142 910 236 952 Scio
267 923 345 962 ego
378 910 535 952 multos
567 911 878 951 memorauisse
912 909 1070 952 milites
1103 909 1398 956 mendaciu1n;

141 982 166 1033 †
197 981 576 1023 Ethomeronidam
608 987 650 1022 et
685 987 780 1033 post
811 982 930 1022 illam
962 981 1027 1023 illi
1059 982 1288 1023 memorari
1321 987 1477 1034 potest,
1566 993 1634 1026 480

141 1053 222 1104 Qui
254 1059 295 1094 et
327 1054 517 1094 conuicti
550 1058 593 1094 et
625 1053 901 1095 condemnati
933 1053 1055 1095 falsis
1088 1053 1140 1094 de
1172 1054 1326 1107 pugnis
1357 1053 1480 1093 sient.

142 1123 251 1179 [Non
285 1124 548 1166 laudandum
581 1131 668 1168 est,
709 1125 777 1166 cui
818 1125 915 1179 plus
955 1125 1093 1166 credit
1133 1125 1207 1178 qui
1244 1124 1365 1166 audit
1397 1138 1523 1178 quam
1558 1126 1631 1178 qui

1092 1195 1244 1250 uidet]

142 1268 233 1310 Non
266 1268 418 1322 placet.
452 1281 578 1321 quem
609 1267 673 1309 illi
704 1268 803 1322 plus
836 1268 1030 1311 laudant.
1071 1269 1145 1322 qui
1177 1268 1370 1314 audiunt
1394 1282 1524 1322 quam
1558 1269 1631 1322 qui

1086 1340 1251 1382 uident.

144 1411 278 1453 Pluris
311 1419 374 1452 est
405 1412 612 1453 oculatus·
635 1413 763 1454 testis
796 1426 906 1454 unus
937 1426 1067 1467 quam
1100 1413 1229 1454 auriti
1262 1412 1429 1462 decem3

143 1483 221 1533 Qui
253 1484 446 1530 audiunt,
480 1483 632 1525 audita
664 1483 833 1535 dicunt3
867 1486 939 1538 qui
972 1484 1135 1535 uident,
1168 1485 1294 1539 plane
1328 1486 1484 1525 sciunt.
1564 1495 1630 1529 455

143 1554 235 1597 Non
266 1555 422 1609 placet,
455 1570 581 1610 quem
616 1569 792 1598 scurrae
823 1557 1015 1605 laudaut,
1049 1557 1340 1610 manipulares
1371 1557 1615 1603 mussitant,

140 1625 288 1681 Neque
309 1627 384 1675 illi,
410 1642 592 1682 quorum
617 1628 767 1682 lingua
783 1627 1027 1681 gladiorum
1045 1629 1182 1670 aciem
1201 1629 1485 1682 praestringit
1504 1627 1632 1669 domi.

142 1699 310 1740 Strenui
343 1701 474 1741 nimio
507 1699 603 1752 plus
635 1706 821 1753 prosunt
853 1699 1013 1754 populo
1046 1713 1178 1754 quam
1211 1701 1354 1753 arguti
1387 1708 1430 1741 et
1461 1701 1560 1741 cati.

146 1771 284 1813 Facile
317 1771 397 1813 sibi
429 1771 743 1813 facunditatem
776 1773 916 1813 uirtus
949 1778 1144 1824 argutam
1175 1773 1354 1814 inuenit..

144 1842 241 1884 Sine
272 1844 432 1885 uirtute
466 1852 666 1896 argutum
699 1844 838 1885 ciuem
870 1843 974 1885 mihi
1006 1844 1189 1885 habeam
1223 1858 1300 1898 pro
1334 1842 1532 1897 praefica.
1569 1854 1636 1888 490

143 1913 262 1964 Quae
295 1915 404 1956 alios
437 1915 716 1962 conlaudare,
750 1929 879 1969 eapse
914 1929 1006 1957 sese
1037 1930 1141 1957 uero
1174 1930 1256 1957 non
1292 1922 1448 1969 potest.

142 1987 262 2028 Nunc
292 1987 347 2028 ad
379 1989 561 2028 amicam
595 1988 776 2029 decumo
811 2001 957 2029 mense
989 1993 1088 2041 post
1120 1988 1312 2029 Athenas
1344 1988 1509 2028 Atticas

145 2058 254 2107 Uiso,
286 2072 416 2112 quam
449 2058 673 2112 grauidam
706 2058 775 2100 hic
806 2059 964 2113 reliqui
995 2074 1090 2102 meo
1123 2073 1392 2113 compressu,
1435 2059 1540 2113 quid
1582 2074 1633 2100 ea

1092 2138 1206 2184 agat.

250 2268 317 2300 474
342 2266 460 2301 Solias
485 2266 575 2300 mihi
601 2265 694 2300 duce
773 2266 905 2300 minice
987 2267 1053 2300 475
1080 2266 1150 2301 Ubi
1175 2266 1347 2311 saphilim
1418 2265 1632 2301 uerbanaB

250 2322 335 2357 thus
363 2322 393 2358 Ο
457 2323 524 2357 476
549 2322 643 2356 Data
668 2329 738 2366 qua-1
810 2326 983 2357 ecastoru
1007 2323 1151 2358 ueniret
1176 2323 1280 2358 miles
1352 2322 1631 2367 Statopimones

142 2378 354 2414 Fronetium
380 2379 596 2424 Astaphium
624 2379 709 2414 add.
734 2378 769 2413 B
866 2379 1027 2414 Titulum
1050 2389 1117 2414 om.
1143 2378 1172 2414 C
1265 2381 1336 2414 477
1361 2384 1580 2424 exspectem
1608 2378 1638 2414 C

141 2436 206 2470 478
230 2435 361 2470 duellis
454 2437 520 2478 479
546 2447 707 2470 memora
732 2437 828 2471 iusse
854 2435 901 2479 B,
930 2437 1152 2470 memorauis
1178 2448 1254 2471 sem
1281 2435 1310 2470 C
1399 2437 1463 2470 481
1491 2447 1634 2480 pugnas

139 2494 206 2528 483
228 2493 348 2538 placet
371 2505 454 2528 cum
480 2493 532 2526 illi
622 2492 778 2527 audiunt
804 2493 866 2536 qui
892 2493 954 2536 qui
979 2491 1033 2534 B3
1059 2492 1215 2528 audiunt
1242 2491 1336 2536 Quia
1360 2494 1423 2537 qui
1452 2492 1482 2528 C
1567 2494 1634 2527 484

142 2559 233 2583 unus
257 2558 323 2584 om.
410 2550 528 2584 aurite
554 2549 661 2584 decet
752 2550 819 2583 485
844 2549 990 2583 auditas
1085 2549 1203 2584 scient
1229 2549 1259 2585 0
1346 2550 1415 2584 486
1440 2560 1568 2584 scm-re
1597 2549 1632 2593 C,

141 2615 246 2640 curre
269 2604 306 2640 Β
397 2605 636 2650 manipularis
721 2606 898 2639 mussitan
923 2605 958 2640 B
1037 2606 1105 2641 488
1130 2607 1252 2651 arguit
1277 2602 1318 2641 ec
1407 2607 1475 2640 489
1501 2611 1633 2650 arguta

140 2662 207 2696 490
228 2662 355 2697 uirtuti
439 2662 607 2706 profecta
689 2663 751 2696 491
782 2660 859 2704 Que
886 2661 974 2696 alias
998 2662 1219 2698 conlaudate
1301 2673 1390 2707 apsa
1415 2673 1453 2697 se
1480 2662 1517 2696 B.
1545 2662 1634 2696 abs-2

142 2727 180 2752 se
205 2717 234 2753 C
328 2719 395 2753 492
420 2717 525 2753 Nune
552 2720 706 2754 amicam
812 2720 879 2753 493
905 2718 963 2753 hic
989 2728 1054 2754 om.
1155 2724 1357 2764 conpressu
1381 2719 1462 2762 quit
1487 2717 1522 2753 Β

1295 2790 1363 2824 24²*
