2009 3218
397 262 448 300 68
1078 252 1198 287 Plauti
1588 249 1652 292 IV,
1676 251 1710 293 8,
1736 250 1833 292 1-9,
1856 250 1877 284 3

824 445 1126 489 DORDALUS
1189 443 1378 487 TOXIL
1390 442 1462 486 US

1006 558 1275 601 Dordalus

399 632 627 676 Transcidi
655 632 761 674 loris
794 631 932 673 omnis
964 631 1202 673 adueniens
1236 629 1372 680 domi;

399 706 468 748 Ita
499 705 602 748 mihi
635 703 830 758 supellex
863 703 1033 757 squalet
1063 706 1195 756 atque
1227 700 1356 743 aedes
1389 713 1522 742 meae.

1035 796 1257 838 Toxilus

400 870 534 914 Redis
565 873 613 912 tu
644 870 850 912 tandem?

1008 947 1276 989 Dordalus

905 1019 1065 1062 Redeo.

1037 1098 1255 1140 Toxilus

1121 1170 1184 1212 Ne
1215 1183 1294 1223 ego
1324 1168 1453 1210 hodie
1483 1167 1564 1210 tibi

404 1244 526 1286 Bona
556 1243 695 1285 multa
724 1242 819 1284 feci.

1010 1320 1280 1362 Dordalus

873 1394 1051 1444 Fateor3
1082 1392 1221 1434 habeo
1252 1392 1451 1446 gratiam.

1036 1486 1256 1528 Toxilus

404 1561 517 1603 Num
549 1561 773 1615 quippiam
805 1559 924 1601 aliud
956 1574 1021 1601 me
1053 1559 1151 1600 uis‘?

1015 1637 1285 1680 Dordalus

1183 1709 1239 1751 Ut
1269 1709 1378 1751 bene
1412 1709 1468 1750 sit
1497 1708 1588 1751 tibi.

1047 1789 1264 1831 Toxilus

408 1863 485 1905 Pol
517 1863 628 1905 istuc
660 1862 832 1916 quidem
866 1876 989 1903 omen
1020 1862 1107 1903 iam
1140 1875 1216 1914 ego
1249 1861 1470 1915 usurpabo
1503 1861 1636 1913 domi;
1662 1909 1666 1911 λ

409 1935 518 1977 Nam
548 1936 635 1977 iam
665 1934 885 1976 inclinabo
917 1948 982 1976 me
1015 1948 1110 1975 cum
1141 1933 1300 1976 liberta
1332 1938 1422 1976 tua.

1048 2028 1263 2070 Saturio

411 2101 503 2143 Nisi
534 2115 611 2155 ego
643 2101 763 2143 illum
794 2101 1010 2143 hominem
1042 2100 1188 2154 perdo,
1220 2101 1340 2154 perii.
1403 2100 1542 2153 Atque
1574 2104 1747 2154 optume

414 2174 568 2216 Eccum
599 2174 742 2227 ipsum
773 2177 873 2214 ante
905 2172 1047 2215 aedes.

1076 2263 1238 2316 Uiryo

1111 2335 1241 2378 Salue
1275 2335 1470 2387 multum,
1503 2335 1561 2377 mi
1592 2338 1728 2390 pater.

1054 2425 1265 2468 Saturio

415 2498 556 2551 Salue‚
587 2512 684 2541 mea
715 2502 857 2553 gnata.

533 2656 742 2692 TOXILUS
770 2667 833 2691 om.
865 2656 907 2698 A,
935 2661 1045 2692 totum
1071 2658 1211 2692 titulum
1239 2657 1308 2693 BG
1397 2658 1462 2691 728
1488 2656 1659 2691 Transidi
1683 2656 1751 2692 BG

415 2714 604 2759 suppellex
634 2714 663 2748 C
752 2713 852 2747 aedis
881 2712 909 2747 C'
1008 2716 1069 2748 731
1101 2715 1240 2749 Bonam
1268 2716 1381 2748 uitam
1406 2713 1474 2748 BG
1576 2712 1679 2748 effeci
1705 2714 1739 2747 Α

416 2771 575 2805 omniam
602 2770 647 2813 B,
675 2782 781 2804 omne
809 2771 878 2803 iam
906 2769 933 2804 C
1031 2771 1062 2804 A
1089 2773 1154 2805 735
1181 2782 1309 2806 novam
1332 2781 1472 2806 scenam
1496 2770 1642 2813 faciunt
1665 2770 1732 2805 BC

415 2827 504 2862 mihi
535 2827 562 2861 A
660 2826 728 2862 737
752 2827 871 2871 gratia
897 2825 926 2864 C

1819 1179 1890 1213 730

1830 2111 1897 2145 735

1838 2658 1903 2691 729

1837 2714 1902 2748 733

1837 2771 1904 2804 736
