2009 3218
365 224 445 263 228
1038 220 1157 256 Plauti
1567 221 1626 265 ΠΤ,
1656 224 1686 266 1,
1714 225 1844 259 14-.-26

986 347 1213 398 Antipho

363 416 542 466 Quando
574 417 636 458 ita
666 431 758 458 rem
788 418 996 471 gessistis,
1028 423 1075 459 ut
1108 432 1184 459 uos
1216 418 1327 460 uelle
1360 419 1518 460 amicos
1551 418 1742 468 addecet,
1776 431 1843 465 520

362 488 451 530 Pax
483 502 778 542 commersque
810 492 876 530 est
906 488 1030 531 uobis
1064 503 1250 541 mecum3
1296 503 1394 531 nam
1435 489 1516 532 hoc
1553 495 1601 532 tu
1632 490 1762 534 facito
1794 497 1842 534 ut

605 561 613 571 ¹
1309 562 1490 614 cogites:

360 632 418 674 Ut
448 633 636 686 quoique
666 631 827 673 homini
858 646 927 674 res
959 636 1113 686 parata
1144 638 1219 683 est,
1252 633 1429 686 perinde
1465 633 1616 675 amicis
1646 634 1794 676 utitur.

362 703 405 745 Si
435 718 504 746 res
535 704 661 746 firma
692 708 769 754 est,
799 703 910 745 firmi
942 705 1067 746 amici
1099 709 1219 756 sunt;
1251 705 1285 746 si
1316 718 1385 746 res
1415 704 1512 746 laxe
1543 705 1676 757 labat,

358 776 515 818 Itidem
546 776 672 818 amici
704 775 1035 827 conlabascunt3
1068 789 1136 817 res
1168 776 1330 819 amicos
1361 777 1538 819 inuenit.

941 871 1262 922 Ερίῃηοφηαε

358 942 449 984 Iam
479 943 621 984 redeo.
682 942 826 983 Nimia
857 946 923 984 est
952 942 1171 996 uoluptas,
1203 943 1239 983 si
1271 942 1343 984 diu
1374 931 1533 984 afueris
1566 943 1706 995 domo,
1775 955 1840 989 525

357 1015 543 1057 Domum
560 1013 634 1055 ubi
650 1014 842 1064 redieris,
867 1014 901 1055 si
925 1013 986 1055 ibi
1008 1013 1127 1055 nulla
1144 1018 1208 1056 est
1233 1014 1458 1067 aegritudo
1477 1015 1619 1056 animo
1638 1013 1692 1056 ob
1710 1015 1837 1057 uiam.

356 1085 467 1127 Nam
497 1087 561 1128 ita
592 1099 657 1128 me
688 1086 869 1128 absente
899 1085 1152 1127 familiarem
1184 1100 1273 1127 rem
1305 1100 1413 1128 uxor
1444 1087 1613 1128 curauit
1642 1100 1801 1128 meam:

357 1157 555 1199 Omnium
584 1171 652 1199 me
683 1157 836 1199 exilem
869 1163 997 1211 atque
1028 1158 1197 1198 inanem
1229 1157 1332 1198 fecit
1363 1157 1695 1210 aegritudinum.

356 1228 439 1271 Sed
472 1243 616 1271 eccum
647 1228 827 1271 fratrem
858 1228 1207 1283 Pamphilippum
1239 1229 1400 1270 incedit
1439 1243 1533 1271 cum
1567 1243 1716 1272 socero
1746 1245 1836 1272 suo.

900 1323 1299 1375 Pamphilippe&

357 1395 467 1445 Quid
499 1396 654 1448 agitur,
688 1395 956 1449 Epignome?

932 1490 1254 1544 Epiynomus

711 1561 823 1612 Quid
854 1563 930 1604 tu?
963 1576 1092 1617 quam
1123 1562 1285 1604 dudum
1314 1562 1358 1604 in
1388 1566 1561 1617 portum
1593 1563 1747 1605 uenis?
1772 1575 1838 1610 530

897 1656 1302 1710 Pamphilippum

355 1728 449 1769 Huc
479 1728 739 1781 longissume
770 1729 957 1783 postilla.

934 1824 1255 1876 Epiyoaomus

1036 1895 1124 1937 Iam
1156 1896 1238 1937 iste
1271 1899 1337 1937 est
1367 1895 1627 1949 tranquillus
1658 1897 1768 1938 tibi?

979 1985 1207 2037 Antipho

353 2056 487 2110 Magis
520 2071 648 2112 quam
680 2071 809 2109 mare,
843 2072 926 2111 quo
960 2058 1086 2099 ambo
1119 2058 1223 2100 estis
1254 2058 1380 2100 uecti.

932 2149 1064 2201 Epiy
1077 2164 1099 2189 n
1113 2162 1134 2189 ο
1150 2163 1185 2188 m
1198 2162 1254 2190 us

1227 2220 1352 2262 Facis
1385 2224 1432 2262 ut
1463 2219 1572 2262 alias
1603 2233 1673 2262 res
1706 2219 1829 2263 soles.

353 2290 545 2332 Hodiene
578 2305 859 2334 exoneramus
892 2306 1059 2343 nauem,
1093 2291 1253 2334 frater?

463 2450 529 2483 520
554 2450 605 2483 uti
632 2449 698 2483 BC
812 2449 939 2484 uellem
967 2449 1034 2484 BG
1151 2451 1360 2493 amicosque
1387 2450 1435 2491 A,
1469 2449 1606 2485 amicos
1633 2453 1742 2494 atque
1766 2448 1830 2486 BC

350 2508 411 2540 521
438 2507 706 2549 commercique
732 2505 795 2540 BC
898 2518 979 2540 nam
1006 2517 1072 2540 om.
1098 2506 1130 2539 A
1232 2507 1387 2540 522-23
1412 2510 1540 2550 parata
1566 2509 1620 2541 est
1646 2505 1740 2540 firmi
1765 2505 1831 2540 BC

350 2564 414 2597 523
439 2563 637 2597 lassalabat
662 2562 706 2603 Β,
732 2562 836 2596 lassae
862 2563 987 2597 labant
1013 2562 1041 2596 C
1166 2563 1232 2596 525
1257 2566 1311 2596 est
1337 2562 1506 2606 uoluptas
1532 2565 1588 2597 est
1611 2562 1656 2606 B,
1683 2565 1737 2597 est
1762 2573 1825 2596 uo·

350 2620 488 2663 luptast
514 2618 542 2653 C
630 2618 761 2652 adomo
786 2618 851 2652 BC
943 2620 1007 2653 526
1034 2618 1191 2653 Domum
1218 2619 1247 2653 si
1273 2618 1426 2653 redieris
1451 2619 1518 2654 BG
1606 2619 1675 2653 tibi
1761 2619 1826 2653 527

349 2675 537 2709 absentem
564 2674 632 2709 BC
720 2676 785 2707 528
810 2675 1075 2717 aegritudinem
1103 2675 1146 2715 A,
1174 2675 1419 2719 agritudinum
1448 2675 1483 2710 B
1575 2676 1640 2710 529
1664 2686 1772 2720 quom
1792 2673 1827 2708 B

439 2742 564 2766 socere
591 2731 622 2765 (J
688 2731 746 2764 531
779 2731 926 2774 postilla
949 2731 993 2775 :1ss
1016 2732 1088 2766 iam
1109 2733 1153 2774 A,
1179 2731 1331 2776 postilla
1355 2732 1426 2766 iam
1442 2732 1506 2767 BG
1579 2733 1645 2766 532
1669 2731 1766 2776 quod
1780 2731 1825 2775 A,

349 2799 419 2832 qua
445 2786 480 2830 G,
507 2798 570 2822 om.
597 2786 632 2821 B
684 2777 687 2781 ”
724 2788 789 2821 533
815 2787 931 2823 Hodie
956 2788 989 2822 A
