2009 3218
314 211 396 250 420
993 202 1113 239 Persa.

315 350 386 387 per
422 349 560 373 manus
597 332 845 373 iniectionem
883 331 935 380 (v.
978 335 1042 370 7l.
1082 333 1238 371 Trucul.
1272 328 1370 380 752)
1417 336 1550 369 contra
1591 331 1792 381 quosdam,

315 405 423 442 velut
452 404 694 440 feneratores
728 400 780 449 (v.
799 401 882 439 Cat.
905 400 950 438 R.
968 400 1013 437 R.
1039 396 1146 449 init.)
1178 403 1247 437 aut
1277 401 1345 448 qui
1373 412 1454 436 rem
1484 399 1679 449 publicam
1711 412 1796 436 vec-

315 471 429 520 tigali
458 470 759 516 fraudaverant,
801 472 846 506 ut
876 469 1016 505 Verres
1047 468 1086 504 in
1117 467 1243 504 edicto
1275 467 1466 505 Siciliensi
1499 467 1654 513 habuit,
1687 480 1727 504 se
1757 467 1796 503 in

317 542 491 576 aratores
521 537 707 575 iudicium
738 539 779 574 in
820 534 1102 586 quadruplum,
1147 536 1188 572 in
1227 535 1462 572 decumanos
1502 535 1617 572 etiam
1658 535 1698 571 in
1736 547 1798 571 oc-

317 606 470 656 tuplum
509 605 692 643 daturum
736 603 831 651 (Cic.
864 603 974 641 Verr.
1005 603 1080 649 III,
1124 604 1193 649 13,
1238 598 1324 651 34).
1410 602 1482 648 Qui
1522 602 1617 639 talia
1656 601 1800 639 iudicio

316 673 671 724 persequebantur,
710 673 860 722 praemii
890 671 975 709 loco
1005 673 1156 720 partem
1188 683 1342 719 poenae,
1388 671 1553 707 fortasse
1585 668 1799 716 dimidium,

319 740 575 790 accipiebant.
652 740 736 786 Quo
767 741 911 777 factum
945 741 1021 784 est,
1063 741 1107 775 ut
1144 739 1205 774 sui
1242 741 1411 787 quaestus
1449 750 1564 775 causa
1603 736 1676 774 hoc
1704 748 1802 786 opus

318 812 543 846 exercerent
581 812 620 845 et
651 807 937 858 quadruplator
976 805 1115 842 Latine
1146 805 1247 842 idem
1280 809 1392 853 esset,
1432 806 1497 854 qui
1528 804 1661 842 Graece
1693 817 1801 852 syco-

317 877 485 927 phanta,
527 876 572 914 cf.
606 876 682 913 Cic.
715 875 801 912 Div.
835 875 874 911 in
906 873 1032 910 Caecil.
1066 875 1102 920 7,
1138 874 1201 911 24.
1248 873 1357 910 Verr.
1390 872 1445 919 II,
1478 874 1515 919 7,
1550 873 1616 910 21.
1650 873 1694 919 8,
1736 873 1801 909 22.

318 945 535 982 Accusator
567 947 696 981 autem
729 944 762 980 si
793 956 870 980 non
909 941 1014 979 omni
1043 941 1217 990 periculo
1248 940 1347 977 liber
1379 943 1476 989 erat,
1499 953 1605 976 nam
1638 939 1802 976 Athenis

319 1013 386 1062 qui
416 1013 590 1062 quintam
621 1012 904 1049 sententiarum
943 1012 1094 1058 partem
1134 1021 1210 1045 non
1247 1009 1417 1055 tulerat,
1465 1008 1571 1045 mille
1611 1007 1805 1045 drachmis

318 1079 572 1127 multabatur,
605 1080 734 1116 Romae
766 1078 966 1115 calumniae
997 1077 1098 1114 actio
1131 1079 1227 1123 erat,
1259 1080 1389 1113 tamen
1420 1079 1498 1113 tam
1523 1076 1707 1124 exiguum
1733 1075 1804 1112 hoc

321 1148 538 1198 periculum
571 1151 666 1194 erat,
698 1150 743 1184 ut
773 1146 854 1183 fere
886 1144 1036 1181 nullum
1067 1144 1279 1191 videretur,
1317 1145 1419 1182 unde
1449 1158 1484 1181 v.
1519 1144 1570 1180 64
1601 1140 1690 1181 Sine
1719 1152 1806 1180 meo

313 1212 493 1264 pericZ03
525 1228 594 1252 nec
624 1216 704 1253 ullo
736 1214 850 1252 modo
882 1212 1043 1262 probari
1072 1215 1215 1261 potest,
1249 1212 1352 1262 quod
1378 1212 1550 1260 Scaliger
1581 1215 1619 1249 et
1649 1211 1694 1248 R.
1726 1223 1807 1248 ver-

322 1297 433 1321 suum
483 1285 532 1321 63
580 1286 618 1320 et
668 1284 719 1320 64
766 1282 943 1319 ordinem
988 1282 1199 1318 invertunt.
1245 1300 1294 1305 —-
1343 1281 1406 1319 65.
1457 1280 1598 1327 „Plane
1642 1276 1804 1329 loquar“

321 1351 536 1399 Bergkius,
578 1354 623 1388 ut
653 1351 701 1388 ab
732 1351 845 1388 initio
877 1350 914 1386 in
946 1348 1029 1386 cod.
1063 1348 1091 1386 C
1122 1349 1207 1395 fuit,
1250 1349 1318 1386 sed
1349 1347 1481 1385 eadem
1513 1360 1628 1385 manu
1659 1359 1809 1384 correc-

323 1424 418 1457 tum.
453 1438 505 1443 —
539 1420 589 1457 66
622 1432 708 1468 sqq.
741 1419 851 1468 quasi
877 1418 1105 1466 gravissime
1130 1421 1334 1467 corruptos
1357 1415 1543 1454 Goetzius
1568 1416 1666 1453 Mus.
1688 1415 1809 1452 Rhen.

323 1486 435 1524 XXX
465 1500 502 1536 p.
527 1488 616 1524 =l70
657 1487 821 1523 licenter
862 1484 1052 1534 refingere
1091 1488 1273 1530 conatur,
1320 1484 1390 1521 sed
1425 1484 1531 1521 nulla
1570 1484 1650 1520 fere
1688 1486 1809 1521 muta-

323 1556 427 1592 tione
465 1567 563 1604 opus
604 1558 675 1591 est.
748 1556 796 1591 67
831 1557 869 1590 et
901 1554 952 1591 68
984 1556 1022 1590 et
1054 1554 1104 1591 70
1137 1553 1268 1590 hiatur
1307 1553 1347 1589 in
1386 1565 1551 1598 caesura,
1593 1552 1642 1589 68
1683 1555 1810 1588 autem

325 1623 440 1660 etiam
471 1626 561 1672 post
595 1618 812 1670 ‚‚fidelem“‚
855 1623 899 1657 ut
935 1622 975 1658 in
1006 1621 1079 1658 hoc
1110 1620 1264 1671 quidem
1297 1633 1411 1657 versu
1443 1619 1592 1669 aliquid
1622 1619 1820 1656 excidisse*

327 1691 518 1728 videatur.
559 1710 613 1715 --
651 1686 815 1728 animus
856 1685 1015 1735 induci,
1064 1689 1110 1726 cf.
1150 1687 1279 1725 Madv.
1314 1687 1378 1726 Gr.
1412 1688 1503 1724 Lat.
1539 1688 1616 1725 389
1657 1691 1696 1725 et
1734 1687 1808 1724 Be-

326 1758 568 1808 merkungen
607 1772 645 1808 p.
682 1759 745 1795 ll.
789 1777 835 1782 —-
880 1758 944 1794 69.
986 1754 1216 1805 leffl'wmpccm
1256 1756 1315 1794 ed.
1347 1769 1406 1806 pr.
1441 1756 1515 1802 Qui
1552 1756 1608 1792 rei
1645 1755 1839 1806 publicae·

328 1840 442 1864 causa
486 1827 526 1863 id
571 1826 709 1872 faciat,
764 1838 850 1862 eum
897 1826 952 1862 ait
996 1838 1036 1862 se
1082 1825 1226 1863 bonum
1272 1825 1393 1861 civem
1447 1825 1689 1870 existimare,
1745 1823 1812 1860 sed

327 1899 411 1932 tum
457 1897 640 1944 oportere
682 1906 768 1931 eum
814 1892 997 1930 damnato
1044 1905 1109 1930 reo
1156 1892 1358 1929 dimidium
1403 1893 1556 1942 praemii
1600 1893 1640 1929 in
1684 1890 1812 1942 publi-

330 1976 415 2000 cum
461 1962 650 1999 conferre.
742 1961 786 1998 R.
827 1961 926 1998 male
971 1960 1111 1998 edidit:
1163 1959 1256 2007 „Set
1298 1961 1339 1997 ni
1382 1960 1600 2010 legirupam
1645 1959 1812 2007 damnet,

330 2029 437 2068 det“.
498 2029 620 2067 Immo
653 2030 832 2080 proximo
863 2042 978 2066 versu
1009 2028 1131 2066 multo
1163 2029 1346 2065 maiorem
1378 2041 1545 2078 poenam
1569 2029 1604 2065 ei
1635 2027 1811 2076 intendit,

330 2111 406 2135 non
438 2098 609 2135 dimidiae
650 2099 787 2147 partis,
827 2096 894 2134 sed
931 2097 1067 2134 totius.
1101 2116 1155 2121 —-
1187 2097 1252 2134 70.
1297 2093 1343 2134 in
1374 2106 1421 2134 ea
1452 2093 1557 2146 leye,
1593 2109 1707 2145 quam
1738 2096 1812 2145 sig·

329 2165 504 2204 nificavit
543 2166 793 2203 antecedenti
831 2178 945 2203 versu
980 2162 1111 2212 „det“.
1185 2160 1436 2203 adscribitor
1474 2164 1618 2201 Dousa.
1675 2163 1715 2202 Si
1752 2165 1810 2201 in-

329 2233 504 2272 finitivus
536 2234 763 2271 retinendus
795 2237 870 2282 est,
911 2233 1124 2270 scribatur:
1171 2234 1212 2270 in
1250 2245 1294 2270 eo
1331 2233 1422 2271 uolo
1462 2232 1547 2282 lege
1585 2231 1812 2270 adscribier.

330 2323 384 2328 -—
418 2303 480 2339 71.
523 2299 756 2352 quempiam
793 2304 878 2339 iure
915 2304 1048 2339 tuetur
1085 2300 1250 2350 Bergk,
1298 2300 1342 2337 cf.
1375 2300 1532 2337 Trucul.
1569 2302 1669 2339 752:
1719 2313 1814 2350 „ego

330 2374 370 2408 te
401 2383 554 2407 manum
585 2370 740 2408 iniciam
772 2366 1023 2420 quadrupli“.
1057 2369 1104 2406 ad
1137 2369 1248 2419 Capt.
1277 2369 1367 2407 543.
1414 2368 1532 2406 Most.
1560 2370 1652 2406 828.
1695 2369 1813 2406 Merc.

334 2440 425 2477 330.
467 2457 521 2462 --
557 2435 706 2475 inieoeit
737 2438 886 2476 Camer.
925 2457 978 2462 —
1019 2439 1083 2476 72.
1122 2433 1242 2475 illum
1280 2436 1422 2486 Bergk.
1462 2456 1512 2462 —
1556 2438 1620 2474 73.
1664 2446 1815 2487 „aequa

323 2503 462 2555 parti,
509 2507 593 2555 pari
633 2507 818 2555 utrinque
848 2506 1020 2556 periculo
1051 2503 1282 2556 proposito“
1317 2503 1488 2543 Gronov.
1518 2524 1574 2529 --
1606 2502 1814 2552 trisuiros,

333 2574 535 2624 capitales,
567 2588 602 2612 v.
637 2573 686 2610 ad
716 2574 858 2623 Amph.
896 2576 984 2612 155.
1020 2593 1069 2599 -—
1115 2575 1178 2612 74.
1216 2582 1423 2621 nusquam
1454 2572 1632 2621 Pylades.
1664 2593 1718 2599 —
1751 2574 1814 2612 75.

337 2637 426 2679 albo
458 2641 552 2688 rete,
585 2643 617 2678 si
647 2654 782 2678 verum
814 2647 883 2689 est,
925 2642 972 2680 de
1003 2642 1130 2692 legum
1161 2646 1201 2680 et
1230 2640 1364 2678 iudicii
1394 2641 1544 2690 laqueis
1574 2640 1737 2689 dicitur,
1773 2644 1818 2678 ut

335 2723 420 2747 cum
454 2709 640 2747 Cicerone
670 2709 819 2759 loquar,
853 2709 921 2747 sed
953 2714 1179 2760 corruptum
1211 2708 1378 2748 videtur.
1439 2708 1483 2746 R.
1515 2722 1587 2756 „ne
1612 2707 1812 2747 laborent“

334 2778 560 2827 proposuit;
605 2777 740 2827 Bergk.
775 2777 966 2827 I'hilolog.
998 2778 1127 2815 XVIII
1158 2793 1196 2829 p.
1231 2779 1277 2815 51
1317 2777 1428 2824 „albo
1459 2775 1590 2824 freti“‚
1623 2791 1708 2816 cum
1740 2777 1814 2815 Gu-

1939 3003 1959 3218 ——.÷-
