2009 3218
138 215 164 260 Ι,
189 218 220 258 2,
245 215 375 252 43-61
759 213 1009 250 Trinummus.
1540 218 1621 258 259

691 340 1066 393 Meyaronidcs

866 411 1177 466 Quapropter?

750 506 1008 549 Callicles

922 620 924 623 .
1250 565 1420 618 Rogas?

135 637 198 679 Ne
229 636 454 678 admittam
486 636 670 689 culpam,
702 649 780 689 ego
813 650 908 678 meo
941 650 1035 678 sum
1068 650 1243 690 promus
1275 639 1462 691 pectori;

136 708 330 763 Suspicio
361 713 427 749 est
457 709 500 749 in
534 714 708 762 pectore
740 708 882 750 alieno
915 709 1012 750 sita.

136 780 244 822 Nam
275 793 387 821 nunc
418 794 496 834 ego
529 781 563 821 si
595 785 638 821 te
669 781 947 834 surrupuisse
980 781 1178 834 suspicer

134 852 225 894 Ioui
256 865 459 894 coronam
491 852 543 893 de
576 854 717 906 capite
750 867 801 894 ex
833 851 1065 906 Capitolio,
1580 866 1625 899 85

135 923 214 974 Qui
246 925 287 965 in
320 924 533 966 columine
566 929 683 966 astat
713 939 890 976 summo,
926 925 962 966 si
994 924 1038 966 id
1070 938 1154 966 non
1186 924 1340 966 feceris

135 998 275 1051 Atque
307 996 350 1037 id
382 1001 526 1038 tamen
561 997 663 1038 mihi
695 997 845 1039 lubeat
875 997 1150 1051 suspicarier,

135 1067 215 1118 Qui
247 1074 293 1110 tu
327 1069 368 1110 id
403 1069 632 1123 prohibere
664 1083 730 1110 me
764 1073 886 1124 potes
918 1083 971 1110 ne
1004 1070 1229 1123 suspicer?

135 1140 218 1183 Sed
249 1141 360 1182 istuc
391 1142 535 1195 negoti
568 1143 696 1195 cupio
729 1142 838 1183 scire
870 1141 974 1194 quid
1005 1141 1100 1183 siet.

692 1236 1066 1289 Meqaronedes

135 1307 284 1350 Haben
317 1314 363 1350 tu
395 1310 579 1351 amicum
612 1319 688 1350 aut
718 1308 977 1350 familiarem
1009 1309 1268 1362 quempiam,
1397 1365 1401 1369 Ι
1581 1322 1626 1356 90
1678 1334 1681 1337 -

136 1380 244 1430 Quoi
275 1386 426 1434 pectus
458 1381 632 1435 sapiat?

755 1460 1009 1503 Callicles

689 1533 855 1587 Edepol
887 1533 1004 1575 haud
1037 1532 1178 1574 dicam
1209 1533 1325 1575 dolo.

132 1604 241 1647 Sunt
272 1618 379 1659 quos
412 1606 501 1647 scio
533 1619 629 1647 esse
661 1607 835 1656 amicos,
866 1610 967 1647 sunt
998 1619 1106 1658 quos
1138 1606 1347 1660 suspicor,

133 1675 242 1718 Sunt
272 1691 455 1731 quorum
486 1678 659 1730 ingenia
690 1682 821 1731 atque
853 1678 1017 1720 animos
1047 1691 1213 1732 nequeo
1246 1689 1444 1726 noscere;

133 1747 216 1803 [Ad
248 1750 374 1791 amici
406 1756 575 1804 partem
608 1764 662 1791 an
695 1750 751 1792 ad
781 1750 943 1791 inimici
975 1749 1221 1804 perueniat]

133 1820 216 1863 Sed
246 1825 293 1862 tu
325 1835 376 1863 ex
407 1824 557 1864 amicis
589 1823 720 1864 certis
753 1822 856 1863 mihi
889 1836 935 1864 es
967 1823 1259 1864 certissumus.
1580 1833 1624 1866 95

135 1891 178 1934 Si
209 1894 312 1947 quid
344 1895 428 1937 scis
460 1909 526 1936 me
558 1894 712 1937 fecisse
745 1895 897 1936 inscite
930 1900 1007 1936 aut
1036 1894 1230 1949 inprobe,

133 1963 177 2007 Si
208 1966 250 2007 id
283 1980 368 2008 non
400 1981 467 2008 me
499 1981 694 2018 accusas,
727 1971 821 2008 tute
853 1966 1176 2020 obiurgandu's.

692 2069 1066 2122 Meyarom'cles

1235 2139 1346 2191 Scio,

133 2211 188 2255 Et
215 2214 251 2255 si
281 2214 368 2256 alia
398 2215 482 2256 huc
514 2227 647 2256 causa
678 2213 734 2256 ad
765 2219 808 2255 te
840 2214 1011 2266 adueni‚
1043 2227 1228 2267 aequom
1258 2213 1470 2268 postulas.

751 2316 1009 2359 Callicles

90 2434 93 2437 ‚
136 2386 349 2442 Exspecto
381 2390 417 2431 si
449 2390 552 2445 quid
586 2390 718 2432 dicas.

245 2571 289 2604 84
313 2572 534 2615 surripuisse
560 2570 627 2604 BC
734 2571 777 2603 85
802 2568 892 2603 eBO
993 2570 1037 2604 86
1061 2568 1166 2612 Quod
1273 2570 1431 2604 culmine
1456 2568 1525 2604 BG

134 2626 310 2662 tecereaB
400 2629 444 2662 87
469 2629 594 2663 iubeat
620 2627 648 2662 G
726 2628 770 2660 58
794 2627 889 2669 Quid
916 2627 946 2660 A
1030 2627 1073 2660 89
1098 2626 1240 2670 negotii
1265 2628 1361 2662 scire
1387 2628 1496 2671 cupio
1521 2627 1621 2670 quic-

136 2683 222 2727 quid
247 2689 304 2719 est
329 2683 395 2719 BG
505 2687 550 2720 90
575 2690 617 2719 ut
640 2685 675 2718 A
779 2685 823 2717 92
849 2684 988 2717 amicos
1013 2694 1092 2717 esse
1118 2684 1151 2717 A
1263 2686 1307 2718 93
1332 2709 1339 2716 .
1355 2683 1449 2727 Q.0
1476 2685 1520 2726 A,
1546 2696 1620 2718 non

135 2748 282 2783 possum
308 2741 374 2776 BG
474 2744 518 2777 94
541 2746 723 2786 pei-uenat
746 2740 781 2774 B
885 2742 929 2774 95
953 2740 1042 2774 mihi
1069 2751 1107 2774 es
1133 2741 1245 2775 certis
1269 2742 1303 2775 A
1408 2742 1453 2774 96
1478 2740 1515 2774 Si
1541 2741 1622 2784 quit

136 2797 227 2832 neeis
251 2798 284 2832 A
375 2801 418 2834 97
444 2811 501 2834 me
527 2810 601 2833 nou
694 2798 738 2832 98
763 2797 835 2831 huc
861 2797 932 2831 alia

1268 2872 1272 2875 ⁴
1288 2869 1349 2903 17*
