2009 3218
328 206 410 245 398
1021 197 1142 232 Plauti
1436 235 1439 238 Α
1533 196 1598 237 IV,
1622 197 1654 239 3,
1679 196 1812 232 52—67

937 322 1201 365 Callicles

331 399 415 441 Ubi
446 400 484 440 is
515 397 697 446 homost,
729 410 856 450 quem
887 395 1025 437 dicis?

911 472 1238 516 Diniarchus

986 546 1165 593 Adsum,
1199 543 1420 594 Callicles3
1454 559 1528 598 per
1558 549 1601 586 te
1633 544 1814 586 obsecro

331 623 494 667 Genua,
524 626 573 663 ut
603 626 649 662 tu
680 621 792 661 istuc
822 619 1079 671 insipienter
1108 617 1272 658 factum
1302 617 1521 670 sapienter
1544 615 1666 667 ¹feras

329 695 521 748 Mihique
553 694 765 745 ignoscas,
797 691 911 743 quod
943 690 1076 730 animi
1107 690 1232 742 inpos
1264 689 1353 728 uini
1386 689 1494 730 uitio
1526 687 1715 730 fecerim.

943 767 1206 810 Callicles

331 846 425 887 Non
459 845 622 899 placet,
664 845 706 884 in
738 846 903 884 mutum
944 841 1016 893 qui
1057 840 1227 892 culpam
1266 839 1447 887 confert,
1492 840 1565 892 qui
1601 853 1686 881 non
1724 841 1818 894 quit

1278 911 1410 964 loqui.
1494 963 1501 966 ῃ

331 991 441 1032 Nam
471 992 632 1039 uinum,
666 989 702 1029 si
732 986 921 1027 fabulari
952 988 1114 1038 posset,
1147 998 1191 1024 se
1222 983 1487 1024 defenderet.
1751 995 1819 1029 820

331 1062 426 1104 Nou
458 1063 605 1103 uinum
635 1060 747 1101 uiris
778 1057 1006 1105 moderari,
1040 1055 1115 1098 sed
1148 1056 1230 1096 uiri
1264 1056 1365 1096 uino
1398 1055 1549 1100 solent,

333 1135 414 1184 Qui
446 1133 620 1188 quidem
652 1131 777 1185 probi
808 1134 921 1179 sunt,
952 1142 1104 1170 uerum
1135 1128 1209 1180 qui
1239 1127 1478 1181 inprobust,
1511 1127 1547 1168 si
1575 1128 1678 1180 quid
1712 1127 1820 1171 bibit

333 1207 432 1248 Siue
464 1206 573 1246 adeo
606 1208 727 1245 caret
757 1206 931 1246 temeto,
964 1206 1107 1242 tamen
1140 1200 1194 1241 ab
1227 1199 1397 1252 ingenio
1429 1199 1668 1253 inprobust.

911 1279 1241 1321 Diniarchus
1440 1262 1445 1266 ’

333 1358 429 1400 Scio
462 1356 672 1410 equ-idem,
705 1368 814 1408 quae
848 1353 945 1395 nolo
979 1352 1115 1393 multa
1147 1351 1250 1392 mihi
1281 1351 1498 1392 audienda
1529 1351 1583 1393 ob
1615 1352 1806 1404 noxiam;

334 1430 425 1479 Ego
457 1429 536 1470 tibi
569 1442 635 1468 me
667 1427 899 1468 obnoxium
931 1439 1024 1466 esse
1056 1424 1196 1465 fateor
1226 1424 1381 1476 culpae
1417 1428 1672 1476 compotem.
1755 1435 1821 1469 825

974 1504 1187 1545 Ancilla

335 1580 546 1626 Callicles,
580 1579 677 1620 uide
709 1592 871 1631 quaeso
903 1576 1027 1618 nobis
1059 1590 1111 1617 ne
1141 1575 1278 1616 facias
1309 1576 1522 1616 iniuriam.

335 1654 451 1695 Reus
483 1652 649 1694 solutus
681 1663 855 1691 causam
890 1649 1016 1699 dicit;
1049 1649 1174 1690 testis
1205 1648 1377 1688 uinctos
1408 1647 1582 1688 attines.

951 1727 1211 1769 Callicles

338 1803 501 1845 Soluite
533 1804 653 1845 istas.
716 1802 841 1854 Agite
873 1800 988 1842 abite
1020 1805 1066 1840 tu
1101 1800 1273 1841 domum
1306 1804 1349 1840 et
1379 1803 1426 1840 tu
1459 1803 1605 1841 autem
1637 1799 1820 1841 domum.

337 1877 553 1930 Eloquere
585 1875 692 1916 haec
724 1888 823 1915 erae
854 1878 913 1923 tu,
946 1887 1123 1927 puerum
1155 1872 1323 1923 reddat,
1365 1872 1401 1913 si
1432 1873 1529 1924 quis
1562 1886 1656 1912 eum
1689 1875 1819 1925 petat.

339 1949 511 1990 Eamus
544 1952 604 1996 tu,
637 1947 679 1987 in
713 1946 789 1987 ius.

917 2024 1248 2066 Diniarchus

623 2099 734 2149 Quid
765 2099 832 2139 uis
864 2099 906 2139 in
938 2098 1004 2138 ius
1035 2111 1101 2138 me
1132 2096 1224 2137 ire‘?
1254 2101 1300 2136 tu
1333 2109 1378 2136 es
1411 2099 1586 2149 praetor
1616 2094 1730 2136 mihi.
1757 2105 1825 2140 830

339 2173 495 2214 Uerum
529 2177 572 2213 te
605 2172 796 2219 obsecro,
829 2174 876 2211 ut
907 2174 1026 2210 tuam
1058 2172 1232 2222 gnatam
1265 2167 1339 2208 des
1372 2167 1476 2208 mihi
1507 2181 1695 2217 uxorem,
1728 2164 1823 2207 Cal-

1286 2239 1420 2281 licles.

453 2382 519 2415 816
545 2383 609 2413 tuo
634 2378 680 2418 B,
706 2381 770 2412 tua
796 2377 825 2413 C
911 2378 980 2412 817
1003 2376 1186 2420 insipient'
1215 2374 1359 2419 sipient’
1386 2374 1421 2409 B
1509 2376 1576 2409 819
1599 2376 1740 2408 mutum
1763 2372 1823 2408 eui

340 2445 386 2482 pa
410 2437 454 2481 B,
481 2440 620 2470 mutum
647 2436 836 2479 quippiam
863 2434 893 2469 Ο
987 2433 1113 2468 confer
1133 2433 1220 2477 quid
1324 2433 1391 2466 820
1414 2431 1617 2465 fabularem
1641 2430 1762 2475 possit
1785 2440 1823 2464 se

342 2494 576 2539 defenderem
670 2495 733 2527 821
762 2493 850 2526 uiris
865 2503 928 2527 om.
1025 2490 1089 2524 sed
1115 2490 1188 2523 uim
1216 2501 1289 2523 non
1317 2490 1439 2523 solent
1519 2489 1586 2522 822
1611 2487 1735 2531 probri

343 2553 412 2585 iam
438 2552 576 2596 probus
601 2555 657 2583 est
681 2550 711 2583 si
737 2562 845 2593 quam
872 2550 900 2582 si
929 2549 1021 2582 bibit
1141 2549 1206 2581 823
1231 2550 1266 2580 te
1294 2558 1350 2579 me
1375 2545 1428 2579 Tu
1455 2545 1484 2580 G
1597 2543 1746 2578 timidus
1770 2545 1825 2578 est

343 2608 531 2652 improbus
624 2608 692 2641 824
717 2607 878 2640 obnoxia
970 2607 1036 2640 825
1062 2616 1178 2639 essem
1272 2603 1382 2637 cultae
1408 2603 1456 2646 B,
1484 2602 1580 2635 culte
1608 2600 1636 2635 C
1723 2611 1820 2635 com·

344 2669 428 2708 pote
456 2665 501 2697 mi
607 2664 673 2697 826
703 2672 729 2697 ω
755 2663 922 2697 Callicies
1028 2662 1111 2696 uide
1136 2661 1171 2694 B
1269 2671 1522 2703 quaesomnem
1546 2658 1659 2692 facias
1758 2657 1823 2691 827

344 2727 382 2755 ta
406 2723 496 2764 (tum
525 2720 564 2762 (J)
590 2720 678 2752 estis
704 2720 803 2752 uicto
829 2719 897 2751 sati
925 2720 1003 2752 ines
1095 2719 1162 2751 829
1189 2729 1248 2749 ere
1347 2718 1415 2750 330
1439 2718 1582 2750 eamust
1608 2713 1638 2750 Ο
1726 2714 1822 2747 intus

437 2783 470 2811 et
500 2788 562 2811 ues
656 2779 718 2810 831
736 2776 836 2810 Χ1ῃίὺί
863 2787 929 2809 om.
957 2775 986 2810 C
