2009 3218
335 223 412 262 120
1009 217 1129 252 Plauti
1578 214 1625 258 ΙΙ,
1647 217 1679 260 7,
1705 216 1813 250 9—-21

965 341 1006 382 L
1016 357 1039 385 α
1050 341 1072 383 b
1082 356 1105 382 r
1114 356 1136 384 α
1145 355 1176 383 x

333 417 495 469 Nempe
528 413 727 469 puellae?

929 501 1214 552 Sceparnio

778 573 939 626 Nempe
970 572 1176 613 molestus
1207 585 1263 613 es.
1326 571 1426 614 Uise
1455 571 1582 623 intro,
1616 572 1651 613 si
1682 571 1816 612 lubet.

975 673 1180 716 Labrax

336 748 453 790 Meas
485 750 657 802 oportet
686 747 804 788 intus
836 760 930 788 esse
961 745 1031 787 hic
1062 745 1275 797 mulieres,
1308 746 1365 786 mi
1398 744 1664 787 Charmides.

927 847 1230 889 Charmides

336 922 532 976 Iuppiter
561 925 605 962 te
637 919 803 974 perdat,
835 923 878 962 et
909 920 944 961 si
976 923 1077 961 sunt
1107 923 1151 961 et
1183 919 1219 961 si
1249 933 1334 961 non
1365 923 1464 960 sunt
1495 919 1651 961 tamen.

978 1020 1183 1063 Labra-x

341 1095 458 1166 Intro
490 1108 689 1148 rumpam
718 1095 804 1136 iam
835 1093 918 1136 huc
948 1095 991 1135 in
1023 1093 1207 1135 Ueneris
1238 1093 1396 1136 fanum.

931 1194 1237 1238 Charmides

1238 1268 1287 1309 In
1318 1267 1576 1309 barathrum
1608 1266 1822 1308 mauelim.

343 1340 549 1392 Obsecro,
570 1339 743 1395 hospes,
766 1339 826 1398 da
849 1339 953 1381 mihi
978 1340 1144 1394 aliquid
1169 1340 1244 1382 ubi
1270 1339 1610 1382 condormiscam
1636 1338 1731 1380 loci.
1758 1349 1826 1382 560

941 1442 1226 1494 Sceparnio

343 1517 443 1559 Istic
474 1515 549 1557 ubi
580 1516 647 1556 uis
679 1515 996 1565 condormisce3
1028 1528 1152 1556 nemo
1185 1513 1397 1568 prohibet‚
1429 1513 1648 1567 publicum
1681 1518 1759 1554 est.

933 1615 1234 1659 Charmides

344 1692 400 1732 At
429 1689 552 1732 uides
583 1702 661 1740 me,
693 1691 870 1730 ornatus
901 1695 950 1729 ut
981 1689 1061 1730 sim
1092 1689 1364 1730 uestimentis
1396 1688 1554 1730 uuidis.

345 1763 503 1816 Recipe
533 1775 600 1802 me
630 1761 675 1802 in
704 1764 879 1819 tectum,
911 1760 966 1801 da
998 1759 1104 1801 mihi
1134 1761 1383 1802 uestimenti
1416 1759 1581 1814 aliquid
1613 1758 1736 1808 aridi,

345 1835 456 1876 Dum
487 1847 582 1875 mea
612 1836 829 1883 arescunt3
860 1833 904 1873 in
937 1832 1082 1886 aliquo
1114 1832 1195 1873 tibi
1225 1833 1409 1886 gratiam
1440 1831 1625 1874 referam
1657 1830 1756 1872 loco.

944 1934 1229 1986 Sceparnio

346 2007 558 2060 Tegillum
588 2000 771 2049 eccillud
802 2007 907 2047 mihi
937 2007 1110 2048 unicum
1143 2010 1257 2057 aret;
1289 2006 1333 2047 id
1365 2006 1400 2047 si
1432 2007 1511 2055 uis,
1545 2005 1670 2047 dabo.
1764 2015 1830 2049 565

347 2079 511 2120 Eodem
542 2078 737 2130 amictus,
769 2078 918 2120 eodem
949 2082 1088 2120 tectus
1121 2092 1214 2119 esse
1246 2077 1377 2128 soleo,
1407 2077 1445 2118 si
1476 2077 1599 2131 pluit.

347 2151 410 2192 Tu
441 2151 574 2192 istaec
604 2149 709 2191 mihi
740 2150 862 2202 dato3
895 2154 1146 2192 exarescent
1175 2149 1287 2191 faxo.

936 2262 1240 2305 Charmides

1324 2334 1431 2385 Eho,
1463 2347 1518 2375 an
1548 2339 1592 2375 te
1624 2333 1828 2387 paenitet,

347 2406 396 2448 In
428 2406 535 2448 mari
566 2406 682 2460 quod
713 2406 840 2459 claui,
873 2408 915 2449 ni
946 2407 1015 2450 hic
1045 2409 1088 2448 in
1121 2411 1238 2449 terra
1268 2408 1425 2449 iterum
1456 2405 1631 2447 elnam?

462 2565 528 2599 556
552 2563 650 2608 pulle
673 2563 709 2598 Β
796 2568 853 2600 est
944 2567 1040 2601 intro
1066 2577 1132 2601 om.
1226 2566 1292 2600 557
1316 2575 1396 2599 esse
1419 2564 1519 2598 intus
1545 2573 1626 2597 esse
1649 2561 1685 2597 B
1773 2573 1831 2596 me

350 2623 417 2657 560
441 2621 513 2656 loci
537 2620 601 2655 ubi
625 2621 919 2657 condormiscam
947 2622 976 2658 0
1087 2623 1151 2657 563
1178 2622 1272 2657 uenti
1298 2620 1438 2665 aliquid
1460 2619 1534 2662 BC,
1561 2618 1698 2664 aliquid
1724 2618 1832 2653 uesti—
1907 2611 1911 2615 ”

350 2678 502 2714 mentA
593 2678 660 2712 564
685 2681 857 2713 arescunt
880 2690 960 2714 mea
1054 2679 1135 2714 loco
1161 2689 1226 2714 om.
1320 2678 1385 2712 565
1411 2676 1589 2721 'sigillum
1613 2675 1683 2711 BG
1770 2686 1828 2710 ec-

351 2735 476 2771 cillum
502 2734 546 2779 A,
571 2745 613 2769 ec
637 2734 727 2770 illud
751 2734 795 2779 B,
822 2747 865 2770 eo
890 2736 981 2771 illud
1008 2735 1036 2771 Ο
1116 2747 1226 2770 unum
1252 2734 1319 2770 BG
1404 2734 1517 2768 aretit
1541 2734 1569 2767 si
1596 2732 1670 2773 BC,
1697 2731 1833 2767 arescit

352 2797 382 2831 si
407 2796 442 2831 A
533 2795 598 2831 566
623 2792 743 2840 pluuit
833 2792 898 2827 568
923 2804 969 2827 ne
1061 2793 1196 2827 iterum
1221 2802 1286 2827 om.
1313 2791 1343 2826 0
1435 2802 1494 2826 me
1516 2790 1615 2824 luam
1638 2788 1675 2824 Β
