2009 3218
219 196 299 233 654
615 227 618 229 ,
671 164 677 169 ·
834 189 1091 224 Truculentus.

208 317 456 368 pendentes,
499 332 534 355 v.
575 317 623 354 ad
653 318 765 355 Asin.
807 319 899 355 297.
939 337 994 343 —
1035 319 1127 357 768.
1168 315 1341 369 quicque
1372 318 1477 356 Cam.
1518 338 1572 343 —
1611 320 1704 357 769.

210 387 364 436 pac-ton
397 385 461 435 Sp.
494 405 548 410 —-
580 386 673 423 770.
714 381 927 424 colubrino
965 384 1025 423 ed.
1056 398 1130 435 pr.,
1171 387 1217 424 cf.
1255 383 1460 433 „excetra“
1494 385 1578 423 Cas.
1613 387 1704 433 616,

222 467 484 504 „proserpens
530 451 681 490 bestia“
732 452 839 490 Pers.
881 453 974 491 298.
1031 453 1080 491 ad
1109 454 1216 491 Asin.
1260 454 1352 491 688.
1399 473 1454 478 -—
1508 455 1583 491 771
1631 466 1703 491 em.

218 522 278 560 ed.
309 535 368 571 pr.
407 541 461 546 —
509 522 603 559 772.
651 516 921 558 tintinnaculi
962 516 1049 559 uiri
1087 520 1159 559 hoc
1197 534 1275 559 uno
1312 522 1397 559 loco
1443 522 1703 559 nominantur.

219 588 427 628 Carnifices
460 588 706 638 intelligendi
737 590 848 634 sunt,
892 589 958 637 qui
988 588 1253 626 tintinnabula
1283 589 1496 638 portabant
1527 592 1567 626 et
1596 593 1707 626 extra

217 662 372 708 portam
411 656 669 703 habitabant,
716 656 819 693 unde
860 653 994 702 educi,
1040 671 1076 694 v.
1111 656 1158 692 ad
1199 655 1339 694 Pseud.
1373 656 1466 694 333.
1511 676 1567 680 —
1613 658 1706 695 773.

217 720 374 774 submit
402 724 516 761 Both.
551 743 599 749 -
636 724 729 761 774.
759 720 916 762 uinclis
947 720 1222 761 exsoluemim
1252 723 1356 761 Cam.
1388 743 1443 748 —
1473 725 1567 761 775.
1598 733 1709 762 nunc

217 790 319 844 quid
355 791 466 829 Cam..
498 811 553 817 —
599 785 740 837 falsus
779 788 1044 841 incertusque
1082 791 1291 838 Angelius,
1331 791 1376 828 cf.
1411 791 1460 828 ad
1490 792 1578 828 Aul.
1615 792 1706 830 123.

219 880 270 886 -
313 861 404 897 776.
455 855 562 897 Nisi
594 856 710 908 quia,
751 873 786 895 v.
821 859 869 896 ad
900 859 989 896 Aul.
1025 860 1116 896 357.
1149 878 1205 883 -—
1244 868 1315 908 eqo
1345 855 1449 896 mihi
1479 859 1518 897 et
1547 860 1707 909 scripsi;

219 929 384 966 aliorum
417 931 578 965 conatus
608 941 642 964 v.
676 939 737 976 ap.
765 926 852 964 Sch.
890 946 936 951 —-
972 928 1064 964 777.
1101 921 1315 964 Diuorsae
1345 926 1472 975 state;
1516 937 1578 965 em
1602 927 1706 966 Cam.

218 1016 273 1021 —-
292 997 383 1034 778.
418 991 521 1044 quid
543 994 697 1040 addidi3
730 993 835 1032 Cam.
865 991 1040 1041 „Neue“,
1074 994 1199 1045 Gepp.
1229 994 1311 1042 „Ne
1335 992 1443 1044 qui“,
1468 994 1555 1034 Sch.
1577 995 1708 1043 „Ni1“.

220 1084 274 1089 —
306 1060 469 1113 loquere
499 1062 543 1100 tu
573 1062 719 1112 ed.'p1·.
745 1081 799 1087 —
826 1063 918 1099 779.
951 1055 1109 1108 factum
1139 1062 1202 1100 est
1226 1061 1330 1100 Cam.
1357 1082 1407 1088 —
1442 1064 1536 1100 780.
1567 1063 1710 1112 nepote

219 1132 280 1169 ed.
311 1145 371 1181 pr.
432 1131 526 1168 Post
556 1139 696 1168 rerum
726 1131 856 1167 hiatus
887 1132 925 1167 in
959 1130 1132 1176 diaeresi3
1183 1128 1325 1177 „mihi“
1361 1131 1448 1168 add.
1481 1130 1584 1168 Cam.
1619 1131 1706 1170 Sch.

219 1205 264 1238 ut
293 1200 433 1250 Amph.
469 1200 560 1237 905.
588 1217 642 1223 -—
673 1194 864 1246 expedito
896 1198 1030 1244 Both„
1072 1198 1120 1236 cf.
1152 1198 1200 1235 ad
1233 1197 1345 1236 Cure.
1378 1199 1471 1236 235.
1506 1218 1555 1224 --
1588 1197 1708 1247 istae,

219 1281 254 1305 v.
290 1268 417 1312 Neue,
466 1267 661 1303 Formenl.
694 1265 731 1303 II
762 1279 799 1315 p.
835 1267 928 1304 210.
1005 1263 1101 1304 (ledi
1138 1267 1198 1304 ed.
1230 1279 1290 1316 pr.
1328 1285 1383 1291 --
1425 1267 1501 1304 781
1545 1281 1602 1317 sq.
1635 1281 1706 1305 em.

219 1336 280 1372 ed.
312 1349 371 1386 pr.
405 1354 459 1359 —
492 1335 583 1372 783.
617 1333 700 1372 tute
729 1331 916 1382 scapulis
948 1333 1053 1372 Cam.
1123 1333 1249 1372 Senex
1280 1334 1527 1372 confitentem
1558 1335 1707 1373 laudat.

221 1403 303 1441 Hac
346 1404 498 1440 ratione
544 1404 599 1440 ait
643 1403 790 1440 vibices
830 1402 997 1452 flagellis
1036 1402 1204 1439 inflictas
1243 1403 1411 1440 colorem
1451 1416 1473 1439 a
1498 1392 1632 1440 ‘rubro
1669 1405 1708 1440 in

219 1473 376 1519 nigrum
417 1475 592 1517 vertere,
641 1471 745 1520 quod
784 1472 1000 1509 sanationis
1039 1471 1277 1520 principium
1318 1474 1389 1507 est.
1462 1470 1609 1509 Locum
1642 1484 1710 1509 nec

222 1539 286 1589 Sp.
306 1539 505 1577 intellexit
521 1535 743 1577 concinnas
763 1540 998 1589 „componis,
1027 1537 1164 1576 sanas“
1185 1539 1465 1589 interpretans,
1490 1551 1574 1588 quae
1597 1538 1712 1576 huius

218 1608 329 1645 verbi
362 1609 421 1645 vis
454 1620 529 1644 non
561 1611 640 1654 est,
671 1621 706 1645 v.
741 1607 790 1644 ad
820 1606 962 1656 Amph.
997 1608 1089 1654 525,
1129 1620 1198 1644 nec
1229 1606 1336 1645 Sch.:
1382 1606 1521 1653 „Enim
1542 1637 1548 1644 .
1570 1636 1578 1644 .
1598 1637 1605 1645 .
1625 1620 1712 1644 con-

219 1673 392 1721 cinnes“,
424 1689 475 1713 sc.
509 1675 539 1712 si
571 1688 701 1724 neges,
735 1675 921 1713 scribens.
949 1693 1004 1699 —
1038 1675 1116 1711 784
1150 1688 1222 1712 em.
1242 1674 1301 1712 ed.
1320 1688 1380 1725 pr.
1410 1694 1458 1700 —
1493 1675 1570 1712 786
1603 1676 1710 1712 item.

219 1764 272 1768 —
307 1744 399 1781 787.
437 1738 550 1792 Quid
580 1738 654 1781 tu?
684 1743 764 1780 haec
797 1743 930 1790 alteri,
972 1743 996 1779 i.
1031 1755 1062 1778 e.
1096 1742 1301 1780 Phronesii
1334 1742 1484 1780 ancillae
1517 1743 1710 1781 dicuntur.

218 1811 356 1861 Itaque
387 1815 492 1848 recte
523 1810 636 1849 Both.
671 1824 756 1847 cum
789 1809 848 1847 ed.
881 1823 939 1860 pr.
974 1806 1187 1860 royitcmit.
1263 1810 1367 1848 Male
1407 1810 1493 1848 Sch.
1526 1824 1611 1851 cum
1652 1810 1711 1849 Fl.

220 1880 457 1929 colloquium
490 1892 574 1916 cum
608 1878 779 1916 Calliclis
812 1879 954 1915 ancilla
986 1879 1235 1916 continuant:
1283 1878 1408 1925 „Quid
1439 1877 1570 1916 nunc?
1611 1891 1713 1928 quor

220 1961 306 1985 eum
347 1945 559 1997 accepisti?
619 1946 733 1984 ANC.
775 1946 854 1983 Era
892 1959 976 1983 mea
1014 1960 1073 1984 me
1115 1949 1296 1984 exorauit
1334 1947 1480 1994 minor,
1528 1946 1632 1984 Puer
1670 1949 1714 1984 ut

221 2017 443 2053 auferretur
475 2013 606 2053 cett.“.
654 2015 792 2052 Matris
825 2028 903 2052 non
936 2018 1019 2052 erat
1051 2014 1124 2052 hoc
1154 2027 1306 2065 rogare,
1338 2028 1385 2052 ne
1417 2014 1492 2052 alia
1522 2015 1712 2052 sermonis

219 2085 314 2121 vitia
349 2095 730 2121 commemorem.—
750 2084 842 2121 788.
875 2077 953 2120 Sibi
983 2077 1166 2128 ferretur
1196 2084 1353 2132 scripsi:
1387 2082 1491 2121 Cam.
1529 2081 1711 2129 „afferre-

219 2150 324 2189 tur·‘.
357 2171 411 2176 —-
452 2153 528 2188 789
563 2165 620 2201 sq.
654 2164 726 2188 em.
760 2151 818 2188 ed.
845 2164 903 2202 pr.
931 2157 970 2188 et
999 2150 1102 2188 Cam.
1134 2171 1189 2175 —
1232 2152 1325 2188 791.
1358 2160 1450 2188 erae
1481 2150 1540 2187 ed.
1573 2163 1633 2200 pr.
1658 2169 1712 2175 —

226 2215 335 2258 Cam:
359 2219 401 2256 {a
427 2219 544 2258 Cam..
577 2232 627 2257 sc.
649 2220 765 2257 dicas.
785 2238 838 2244 —-
864 2220 958 2257 792.
992 2216 1129 2268 Atque
1159 2220 1317 2268 scripsi3
1350 2218 1485 2256 Both.:
1523 2218 1607 2262 „Ex
1632 2215 1712 2255 te“.

222 2284 390 2337 inquam
424 2288 580 2324 traiecit
613 2287 727 2324 Both.
760 2306 814 2311 —
858 2288 949 2324 794.
991 2282 1090 2332 fecit
1120 2287 1208 2324 add.
1241 2286 1327 2324 Sch.
1367 2305 1419 2312 —
1462 2282 1714 2336 Supposz‘uit

221 2354 324 2392 Cam.
367 2374 419 2379 —-
467 2350 560 2392 Sibi
590 2355 650 2392 ed.
683 2369 742 2405 pr.
787 2374 836 2379 —
880 2356 972 2392 795.
1019 2350 1182 2403 filiolon-
1221 2354 1336 2403 Seyff.
1409 2350 1495 2392 Dei
1525 2354 1713 2404 Angelius

220 2428 421 2474 praeeunte
453 2422 512 2460 ed.
545 2437 604 2473 pr.
631 2441 678 2448 —-
720 2424 797 2461 796
831 2436 901 2459 em.
928 2422 1032 2460 Cam.
1068 2443 1113 2448 —
1148 2424 1238 2461 798.
1273 2417 1426 2460 beatus.
1472 2421 1537 2472 Sp.
1564 2426 1602 2459 et
1625 2420 1710 2459 Sch.

226 2490 444 2538 .‚beatust“,
494 2504 572 2528 non
605 2503 720 2540 opus,
769 2504 803 2527 v.
838 2490 885 2527 ad
916 2491 1057 2541 Amph.
1094 2492 1185 2528 590.
1227 2511 1279 2516 —
1319 2490 1469 2528 matres
1502 2487 1606 2528 (luas
1638 2489 1712 2537 Py-

198 2559 340 2596 lades.
407 2557 492 2605 ‚,et“
529 2571 603 2595 om.
637 2557 761 2608 Gepp.
795 2578 848 2583 —
883 2560 974 2596 799.
1008 2559 1107 2608 quot
1139 2560 1197 2596 ed.
1230 2572 1289 2608 pr.
1349 2553 1544 2596 muliebre
1574 2557 1626 2594 id.
1659 2576 1712 2581 —

224 2628 315 2665 800.
352 2622 555 2675 pertinet3
596 2626 682 2664 Sch.
721 2627 938 2676 „adtingit”
973 2631 1017 2664 ut
1050 2626 1170 2664 Mero.
1207 2627 1270 2664 32.
1303 2645 1357 2651 —
1390 2626 1465 2663 801
1501 2638 1573 2662 em.
1606 2623 1711 2662 Cam.

222 2714 273 2720 —-
318 2696 395 2732 803
429 2696 535 2732 item.
588 2713 634 2718 —
686 2695 777 2731 804.
823 2691 894 2731 uir
925 2695 1012 2731 add.
1046 2694 1174 2731 Guiet.
1213 2713 1268 2718 —
1310 2695 1401 2731 805.
1450 2689 1565 2730 Idem.
1607 2689 1713 2730 istuc

223 2763 364 2799 Kiessl.
427 2771 570 2810 reapse
593 2761 697 2798 Cam.
733 2780 784 2786 -·-
818 2761 910 2799 806.
944 2760 1059 2812 qumi
1092 2762 1135 2799 ut
1167 2759 1201 2799 is
1225 2761 1342 2806 Cam,
1377 2760 1421 2797 cf.
1442 2760 1489 2797 ad
1508 2760 1595 2797 Aul.
1616 2760 1709 2796 662.
