2009 3218
102 0 127 34 ‘ol

0 0 102 205 ξ
162 150 223 217 ff,
248 176 281 219 3,
304 176 439 211 28—29
787 174 1048 211 Truculentus.
1570 175 1650 214 395

22 205 67 259 '1

27 264 79 339 “e
774 298 1035 342 Callicles

46 406 61 443 ἲ
100 427 110 438 ι
163 372 274 425 Quid
304 372 382 414 tu?
441 371 528 414 Cur
559 387 657 414 eum
689 372 929 426 accepisti?
1051 435 1056 439 ²

43 491 71 526 gv.
783 474 1026 516 Archilis

977 546 1062 588 Era
1093 560 1158 588 me
1190 547 1398 598 royitauit
1431 548 1580 597 minor,

161 618 271 661 Puer
300 624 350 660 ut
378 619 463 660 sibe?
493 619 680 661 ferretur
711 633 846 672 eaque
878 623 927 660 ut
958 619 1204 660 celarentur
1235 621 1390 661 omnia.

768 719 1037 763 Callicles

163 792 358 847 Loquere
390 798 449 842 tu,
483 793 588 848 quid
619 807 669 835 eo
703 793 841 834 fecisti
873 795 1039 847 puero?

787 895 1024 938 Archilis

1083 969 1148 1010 Ad
1181 983 1321 1011 meam
1353 984 1469 1012 eram
1503 971 1651 1013 detuli.

18 1055 49 1105 ἢ
767 1063 1033 1106 Callicles

162 1133 273 1186 Quid
305 1149 355 1176 eo
388 1149 522 1190 puero
555 1140 630 1178 tua
662 1151 736 1178 era
766 1136 896 1178 fecit?

787 1239 1023 1282 Archilis

882 1312 992 1355 Erae
1024 1327 1146 1354 meae
1178 1313 1394 1366 extemplo
1427 1313 1559 1355 dedit.
1587 1325 1655 1358 790

53 1404 68 1424 ‘
775 1413 1037 1457 Callicles

162 1482 271 1541 Quoi
302 1485 461 1528 malum
494 1487 623 1528 erae?

786 1582 1027 1624 Archilis

594 1654 714 1696 Duae
746 1658 847 1696 sunt
878 1656 1001 1696 istae.

763 1756 1026 1799 Callicles

971 1828 1086 1871 Caue
1115 1834 1179 1882 tu,
1210 1831 1294 1872 nisi
1326 1831 1439 1884 quod
1473 1836 1516 1872 te
1548 1844 1653 1883 rogo

160 1899 297 1953 Atque
329 1902 520 1954 exquiro.

780 1973 1021 2015 Archilis

564 2047 716 2097 Mater,
748 2048 938 2100 inquam,
970 2046 1085 2088 filiae
1118 2047 1230 2089 dono
1264 2047 1396 2088 dedit.

772 2148 1036 2191 Callicles

159 2217 258 2262 Plus
289 2234 419 2274 quam
452 2221 613 2263 dudum
645 2222 835 2276 loquere.

785 2324 1022 2365 Archilis

854 2396 956 2438 Plus
988 2401 1034 2438 tu
1066 2397 1267 2449 rogitas.'

269 2533 336 2566 787
359 2531 448 2576 Quit
471 2532 506 2566 B
620 2542 647 2568 ω
672 2545 771 2567 eram
802 2543 864 2565 vro
891 2532 946 2565 uit
1063 2533 1130 2567 788
1154 2532 1224 2566 sibi
1249 2543 1314 2568 om.
1428 2533 1588 2567 omniam
1617 2532 1652 2566 B

158 2587 225 2623 '189
248 2589 330 2634 quit.
351 2589 388 2624 B
491 2588 516 2622 G
541 2601 623 2624 mea
649 2602 706 2623 m·-
732 2602 771 2625 re
795 2588 841 2630 B,
869 2589 912 2623 ad
939 2601 1058 2623 meam
1084 2601 1162 2624 rom
1190 2589 1220 2625 C'
1319 2591 1387 2625 790
1411 2589 1533 2633 Quiito
1560 2602 1580 2619 ι»
1607 2589 1651 2627 Β,

158 2643 223 2680 eui
247 2649 284 2680 te
309 2645 339 2680 0
416 2654 481 2680 tuo
507 2658 569 2681 era
594 2647 682 2681 facit
767 2655 795 2681 Γ
815 2648 931 2681 Aerae
956 2647 992 2680 B
1073 2647 1243 2691 exemplo
1268 2647 1304 2681 B
1386 2649 1448 2680 791
1479 2658 1560 2680 aere

109 2702 130 2742 '‚
163 2706 191 2737 Θ
212 2700 293 2737 Due
316 2702 353 2738 B
423 2702 516 2737 Catu
589 2704 656 2737 iste
681 2703 717 2737 B
798 2703 964 2747 rogonisi
1043 2704 1110 2738 792
1134 2703 1228 2738 Eate
1310 2702 1395 2738 filiae
1422 2703 1522 2738 dono
1547 2703 1653 2737 dedit

157 2757 305 2804 inquem
406 2761 472 2795 793
498 2760 634 2794 dudum
664 2762 776 2805 inqua
