<?xml version="1.0" encoding="UTF-8"?>
<!DOCTYPE html PUBLIC "-//W3C//DTD XHTML 1.0 Transitional//EN"
    "http://www.w3.org/TR/xhtml1/DTD/xhtml1-transitional.dtd">
<html xmlns="http://www.w3.org/1999/xhtml" xml:lang="en" lang="en">
 <head>
  <title>
</title>
<meta http-equiv="Content-Type" content="text/html;charset=utf-8" />
  <meta name='ocr-system' content='tesseract 3.04.00' />
  <meta name='ocr-capabilities' content='ocr_page ocr_carea ocr_par ocr_line ocrx_word'/>
</head>
<body>
  <div class='ocr_page' id='page_1' title='image "./comoediaerecensu05plauuoft_0296.png"; bbox 0 0 2009 3218; ppageno 0'>
   <div class='ocr_carea' id='block_1_1' title="bbox 331 182 1815 239">
    <p class='ocr_par' dir='ltr' id='par_1_1' title="bbox 331 182 1815 239">
     <span class='ocr_line' id='line_1_1' title="bbox 331 182 1815 239; baseline -0.004 -15"><span class='ocrx_word' id='word_1_1' title='bbox 331 198 413 239; x_wconf 78' lang='lat'>290</span> <span class='ocrx_word' id='word_1_2' title='bbox 1009 186 1129 225; x_wconf 74' lang='lat' dir='ltr'>Plauti</span> <span class='ocrx_word' id='word_1_3' title='bbox 1506 182 1553 225; x_wconf 56' lang='lat'>11,</span> <span class='ocrx_word' id='word_1_4' title='bbox 1580 188 1610 227; x_wconf 75' lang='lat'>4,</span> <span class='ocrx_word' id='word_1_5' title='bbox 1640 184 1815 235; x_wconf 56' lang='lat'>186—5200</span> 
     </span>
    </p>
   </div>
   <div class='ocr_carea' id='block_1_2' title="bbox 332 315 1242 572">
    <p class='ocr_par' dir='ltr' id='par_1_2' title="bbox 332 315 1242 572">
     <span class='ocr_line' id='line_1_2' title="bbox 904 315 1242 358; baseline -0.012 0"><span class='ocrx_word' id='word_1_6' title='bbox 904 315 1242 358; x_wconf 86' lang='lat' dir='ltr'>Lesbonicus</span> 
     </span>
     <span class='ocr_line' id='line_1_3' title="bbox 332 390 840 445; baseline -0.01 -10"><span class='ocrx_word' id='word_1_7' title='bbox 332 393 470 435; x_wconf 86' lang='lat' dir='ltr'>Meam</span> <span class='ocrx_word' id='word_1_8' title='bbox 502 390 840 445; x_wconf 70' lang='lat' dir='ltr'>neglegentiam,</span> 
     </span>
     <span class='ocr_line' id='line_1_4' title="bbox 942 459 1211 501; baseline -0.015 0"><span class='ocrx_word' id='word_1_9' title='bbox 942 459 968 501; x_wconf 86' lang='lat' dir='ltr'>S</span> <span class='ocrx_word' id='word_1_10' title='bbox 981 464 998 500; x_wconf 79' lang='lat' dir='ltr'>t</span> <span class='ocrx_word' id='word_1_11' title='bbox 1011 473 1036 500; x_wconf 90' lang='lat' dir='ltr'>a</span> <span class='ocrx_word' id='word_1_12' title='bbox 1047 473 1065 499; x_wconf 91' lang='lat' dir='ltr'>s</span> <span class='ocrx_word' id='word_1_13' title='bbox 1080 460 1142 499; x_wconf 88' lang='lat' dir='ltr'>im</span> <span class='ocrx_word' id='word_1_14' title='bbox 1155 472 1180 498; x_wconf 91' lang='lat' dir='ltr'>u</span> <span class='ocrx_word' id='word_1_15' title='bbox 1193 471 1211 497; x_wconf 93' lang='lat' dir='ltr'>s</span> 
     </span>
     <span class='ocr_line' id='line_1_5' title="bbox 893 530 1083 572; baseline -0.005 0"><span class='ocrx_word' id='word_1_16' title='bbox 893 531 913 572; x_wconf 97' lang='grc' dir='ltr'>Ι</span> <span class='ocrx_word' id='word_1_17' title='bbox 942 530 1083 572; x_wconf 90' lang='lat' dir='ltr'>modo.</span> 
     </span>
    </p>
   </div>
   <div class='ocr_carea' id='block_1_3' title="bbox 910 609 1434 731">
    <p class='ocr_par' dir='ltr' id='par_1_3' title="bbox 910 609 1434 731">
     <span class='ocr_line' id='line_1_6' title="bbox 910 609 1244 651; baseline -0.009 -1"><span class='ocrx_word' id='word_1_18' title='bbox 910 609 1244 651; x_wconf 85' lang='lat' dir='ltr'>Lesbonicus</span> 
     </span>
     <span class='ocr_line' id='line_1_7' title="bbox 1147 676 1434 731; baseline -0.01 -11"><span class='ocrx_word' id='word_1_19' title='bbox 1147 679 1295 731; x_wconf 79' lang='lat' dir='ltr'>Neque</span> <span class='ocrx_word' id='word_1_20' title='bbox 1325 676 1434 718; x_wconf 73' lang='lat' dir='ltr'>enim</span> 
     </span>
    </p>
   </div>
   <div class='ocr_carea' id='block_1_4' title="bbox 945 759 1682 854">
    <p class='ocr_par' dir='ltr' id='par_1_4' title="bbox 945 759 1682 854">
     <span class='ocr_line' id='line_1_8' title="bbox 945 759 1211 802; baseline -0.011 0"><span class='ocrx_word' id='word_1_21' title='bbox 945 759 1211 802; x_wconf 75' lang='lat' dir='ltr'>Stasimus</span> 
     </span>
     <span class='ocr_line' id='line_1_9' title="bbox 1497 812 1682 854; baseline -0.005 0"><span class='ocrx_word' id='word_1_22' title='bbox 1497 812 1529 854; x_wconf 93' lang='lat' dir='ltr'><strong><em>I</em></strong></span> <span class='ocrx_word' id='word_1_23' title='bbox 1549 812 1682 853; x_wconf 80' lang='lat' dir='ltr'>modo.</span> 
     </span>
    </p>
   </div>
   <div class='ocr_carea' id='block_1_5' title="bbox 339 887 1281 1021">
    <p class='ocr_par' dir='ltr' id='par_1_5' title="bbox 339 887 1281 1021">
     <span class='ocr_line' id='line_1_10' title="bbox 912 887 1246 930; baseline -0.009 0"><span class='ocrx_word' id='word_1_24' title='bbox 912 889 945 930; x_wconf 93' lang='lat' dir='ltr'>L</span> <span class='ocrx_word' id='word_1_25' title='bbox 957 903 979 930; x_wconf 93' lang='lat' dir='ltr'>e</span> <span class='ocrx_word' id='word_1_26' title='bbox 991 903 1009 930; x_wconf 91' lang='lat' dir='ltr'>s</span> <span class='ocrx_word' id='word_1_27' title='bbox 1020 888 1046 930; x_wconf 94' lang='lat' dir='ltr'>b</span> <span class='ocrx_word' id='word_1_28' title='bbox 1062 903 1085 930; x_wconf 95' lang='lat' dir='ltr'>o</span> <span class='ocrx_word' id='word_1_29' title='bbox 1097 901 1122 928; x_wconf 89' lang='lat' dir='ltr'>n</span> <span class='ocrx_word' id='word_1_30' title='bbox 1134 887 1147 928; x_wconf 91' lang='lat' dir='ltr'>i</span> <span class='ocrx_word' id='word_1_31' title='bbox 1157 901 1179 928; x_wconf 95' lang='grc'>0</span> <span class='ocrx_word' id='word_1_32' title='bbox 1189 901 1215 928; x_wconf 92' lang='lat' dir='ltr'>u</span> <span class='ocrx_word' id='word_1_33' title='bbox 1228 901 1246 928; x_wconf 87' lang='lat' dir='ltr'>s</span> 
     </span>
     <span class='ocr_line' id='line_1_11' title="bbox 339 958 1281 1021; baseline -0.011 -12"><span class='ocrx_word' id='word_1_34' title='bbox 339 968 535 1021; x_wconf 89' lang='lat' dir='ltr'>Aequom</span> <span class='ocrx_word' id='word_1_35' title='bbox 565 963 751 1013; x_wconf 80' lang='lat' dir='ltr'>uidetur,</span> <span class='ocrx_word' id='word_1_36' title='bbox 785 962 886 1016; x_wconf 90' lang='lat' dir='ltr'>quin</span> <span class='ocrx_word' id='word_1_37' title='bbox 918 959 1034 1014; x_wconf 85' lang='lat' dir='ltr'>quod</span> <span class='ocrx_word' id='word_1_38' title='bbox 1065 958 1281 1013; x_wconf 83' lang='lat' dir='ltr'>peccarim</span> 
     </span>
    </p>
   </div>
   <div class='ocr_carea' id='block_1_6' title="bbox 949 1038 1828 1135">
    <p class='ocr_par' dir='ltr' id='par_1_6' title="bbox 949 1038 1828 1135">
     <span class='ocr_line' id='line_1_12' title="bbox 949 1038 1220 1081; baseline -0.007 0"><span class='ocrx_word' id='word_1_39' title='bbox 949 1038 1220 1081; x_wconf 77' lang='lat' dir='ltr'>Stasimus</span> 
     </span>
     <span class='ocr_line' id='line_1_13' title="bbox 1329 1092 1828 1135; baseline 0.002 -1"><span class='ocrx_word' id='word_1_40' title='bbox 1329 1093 1348 1134; x_wconf 97' lang='grc' dir='ltr'>Ι</span> <span class='ocrx_word' id='word_1_41' title='bbox 1380 1092 1518 1134; x_wconf 88' lang='lat' dir='ltr'>modo.</span> <span class='ocrx_word' id='word_1_42' title='bbox 1761 1102 1828 1135; x_wconf 85' lang='lat'>590</span> 
     </span>
    </p>
   </div>
   <div class='ocr_carea' id='block_1_7' title="bbox 340 1166 1267 1511">
    <p class='ocr_par' dir='ltr' id='par_1_7' title="bbox 340 1166 1267 1511">
     <span class='ocr_line' id='line_1_14' title="bbox 915 1166 1249 1209; baseline -0.006 0"><span class='ocrx_word' id='word_1_43' title='bbox 915 1166 1249 1209; x_wconf 85' lang='lat' dir='ltr'>Lesbonicus</span> 
     </span>
     <span class='ocr_line' id='line_1_15' title="bbox 340 1240 1002 1288; baseline -0.011 -1"><span class='ocrx_word' id='word_1_44' title='bbox 340 1246 635 1288; x_wconf 77' lang='lat' dir='ltr'>Potissumum</span> <span class='ocrx_word' id='word_1_45' title='bbox 668 1241 772 1284; x_wconf 86' lang='lat' dir='ltr'>mihi</span> <span class='ocrx_word' id='word_1_46' title='bbox 802 1241 846 1282; x_wconf 89' lang='lat' dir='ltr'>id</span> <span class='ocrx_word' id='word_1_47' title='bbox 879 1240 1002 1283; x_wconf 80' lang='lat' dir='ltr'>obsit.</span> 
     </span>
     <span class='ocr_line' id='line_1_16' title="bbox 955 1319 1222 1361; baseline -0.011 0"><span class='ocrx_word' id='word_1_48' title='bbox 955 1319 1222 1361; x_wconf 78' lang='lat' dir='ltr'>Stasimus</span> 
     </span>
     <span class='ocr_line' id='line_1_17' title="bbox 1075 1389 1267 1431; baseline -0.005 0"><span class='ocrx_word' id='word_1_49' title='bbox 1075 1390 1095 1431; x_wconf 91' lang='grc' dir='ltr'><strong>Ι</strong></span> <span class='ocrx_word' id='word_1_50' title='bbox 1126 1389 1267 1431; x_wconf 87' lang='lat' dir='ltr'>modo.</span> 
     </span>
     <span class='ocr_line' id='line_1_18' title="bbox 919 1469 1254 1511; baseline -0.006 0"><span class='ocrx_word' id='word_1_51' title='bbox 919 1469 1254 1511; x_wconf 89' lang='lat' dir='ltr'>Lesbonicus</span> 
     </span>
    </p>
   </div>
   <div class='ocr_carea' id='block_1_8' title="bbox 344 1538 1533 1657">
    <p class='ocr_par' dir='ltr' id='par_1_8' title="bbox 344 1538 1533 1657">
     <span class='ocr_line' id='line_1_19' title="bbox 1329 1538 1533 1593; baseline -0.01 -12"><span class='ocrx_word' id='word_1_52' title='bbox 1329 1538 1364 1581; x_wconf 94' lang='lat' dir='ltr'>O</span> <span class='ocrx_word' id='word_1_53' title='bbox 1396 1542 1533 1593; x_wconf 79' lang='lat' dir='ltr'>pater,</span> 
     </span>
     <span class='ocr_line' id='line_1_20' title="bbox 344 1599 988 1657; baseline -0.011 -10"><span class='ocrx_word' id='word_1_54' title='bbox 344 1605 408 1647; x_wconf 89' lang='lat' dir='ltr'>En</span> <span class='ocrx_word' id='word_1_55' title='bbox 440 1616 645 1657; x_wconf 88' lang='lat' dir='ltr'>umquam</span> <span class='ocrx_word' id='word_1_56' title='bbox 676 1600 883 1655; x_wconf 84' lang='lat' dir='ltr'>aspiciam</span> <span class='ocrx_word' id='word_1_57' title='bbox 914 1599 988 1641; x_wconf 74' lang='lat' dir='ltr'>te?</span> 
     </span>
    </p>
   </div>
   <div class='ocr_carea' id='block_1_9' title="bbox 347 1678 1837 2595">
    <p class='ocr_par' dir='ltr' id='par_1_9' title="bbox 956 1678 1664 1800">
     <span class='ocr_line' id='line_1_21' title="bbox 956 1678 1221 1720; baseline -0.008 0"><span class='ocrx_word' id='word_1_58' title='bbox 956 1678 1221 1720; x_wconf 79' lang='lat' dir='ltr'>Stasimus</span> 
     </span>
     <span class='ocr_line' id='line_1_22' title="bbox 1038 1746 1664 1800; baseline -0.006 -9"><span class='ocrx_word' id='word_1_59' title='bbox 1038 1750 1056 1791; x_wconf 94' lang='lat' dir='ltr'>I</span> <span class='ocrx_word' id='word_1_60' title='bbox 1088 1749 1229 1800; x_wconf 90' lang='lat' dir='ltr'>modo,</span> <span class='ocrx_word' id='word_1_61' title='bbox 1262 1749 1275 1789; x_wconf 94' lang='lat' dir='ltr'>i</span> <span class='ocrx_word' id='word_1_62' title='bbox 1307 1747 1449 1798; x_wconf 92' lang='lat' dir='ltr'>modo,</span> <span class='ocrx_word' id='word_1_63' title='bbox 1480 1747 1494 1787; x_wconf 93' lang='lat' dir='ltr'>i</span> <span class='ocrx_word' id='word_1_64' title='bbox 1524 1746 1664 1788; x_wconf 89' lang='lat' dir='ltr'>modo.</span> 
     </span>
    </p>

    <p class='ocr_par' dir='ltr' id='par_1_10' title="bbox 347 1819 1837 2595">
     <span class='ocr_line' id='line_1_23' title="bbox 347 1819 1496 1879; baseline -0.009 -9"><span class='ocrx_word' id='word_1_65' title='bbox 347 1827 538 1870; x_wconf 85' lang='lat' dir='ltr'>Tandem</span> <span class='ocrx_word' id='word_1_66' title='bbox 569 1824 787 1879; x_wconf 82' lang='lat' dir='ltr'>inpetraui</span> <span class='ocrx_word' id='word_1_67' title='bbox 818 1823 972 1865; x_wconf 77' lang='lat' dir='ltr'>abiret.</span> <span class='ocrx_word' id='word_1_68' title='bbox 1032 1822 1098 1872; x_wconf 92' lang='lat' dir='ltr'>Di,</span> <span class='ocrx_word' id='word_1_69' title='bbox 1130 1826 1324 1863; x_wconf 79' lang='lat' dir='ltr'>uostram</span> <span class='ocrx_word' id='word_1_70' title='bbox 1354 1819 1496 1869; x_wconf 85' lang='lat' dir='ltr'>fidem,</span> 
     </span>
     <span class='ocr_line' id='line_1_24' title="bbox 348 1892 1359 1953; baseline -0.009 -11"><span class='ocrx_word' id='word_1_71' title='bbox 348 1899 516 1953; x_wconf 89' lang='lat' dir='ltr'>Edepol</span> <span class='ocrx_word' id='word_1_72' title='bbox 547 1912 593 1940; x_wconf 91' lang='lat' dir='ltr'>re</span> <span class='ocrx_word' id='word_1_73' title='bbox 625 1900 750 1950; x_wconf 81' lang='lat' dir='ltr'>gesta</span> <span class='ocrx_word' id='word_1_74' title='bbox 781 1909 982 1949; x_wconf 84' lang='lat' dir='ltr'>pessume</span> <span class='ocrx_word' id='word_1_75' title='bbox 1014 1897 1181 1948; x_wconf 79' lang='lat' dir='ltr'>gestam</span> <span class='ocrx_word' id='word_1_76' title='bbox 1214 1892 1359 1946; x_wconf 88' lang='lat' dir='ltr'>probe,</span> 
     </span>
     <span class='ocr_line' id='line_1_25' title="bbox 349 1963 1834 2026; baseline -0.007 -12"><span class='ocrx_word' id='word_1_77' title='bbox 349 1972 393 2014; x_wconf 84' lang='lat' dir='ltr'>Si</span> <span class='ocrx_word' id='word_1_78' title='bbox 425 1971 599 2026; x_wconf 87' lang='lat' dir='ltr'>quidem</span> <span class='ocrx_word' id='word_1_79' title='bbox 631 1981 734 2021; x_wconf 81' lang='lat' dir='ltr'>ager</span> <span class='ocrx_word' id='word_1_80' title='bbox 764 1967 889 2009; x_wconf 83' lang='lat' dir='ltr'>nobis</span> <span class='ocrx_word' id='word_1_81' title='bbox 921 1966 1067 2008; x_wconf 86' lang='lat' dir='ltr'>saluos</span> <span class='ocrx_word' id='word_1_82' title='bbox 1101 1969 1178 2018; x_wconf 77' lang='lat' dir='ltr'>est,</span> <span class='ocrx_word' id='word_1_83' title='bbox 1219 1966 1302 2006; x_wconf 78' lang='lat' dir='ltr'>etsi</span> <span class='ocrx_word' id='word_1_84' title='bbox 1334 1963 1565 2005; x_wconf 87' lang='lat' dir='ltr'>admodum</span> <span class='ocrx_word' id='word_1_85' title='bbox 1768 1971 1834 2005; x_wconf 85' lang='lat'>595</span> 
     </span>
     <span class='ocr_line' id='line_1_26' title="bbox 349 2035 1482 2096; baseline -0.008 -11"><span class='ocrx_word' id='word_1_86' title='bbox 349 2044 398 2085; x_wconf 88' lang='lat' dir='ltr'>In</span> <span class='ocrx_word' id='word_1_87' title='bbox 430 2043 632 2096; x_wconf 87' lang='lat' dir='ltr'>ambiguo</span> <span class='ocrx_word' id='word_1_88' title='bbox 665 2043 730 2081; x_wconf 77' lang='lat' dir='ltr'>est</span> <span class='ocrx_word' id='word_1_89' title='bbox 762 2039 891 2081; x_wconf 79' lang='lat' dir='ltr'>etiam</span> <span class='ocrx_word' id='word_1_90' title='bbox 924 2052 1050 2090; x_wconf 88' lang='lat' dir='ltr'>nunc,</span> <span class='ocrx_word' id='word_1_91' title='bbox 1085 2037 1187 2091; x_wconf 87' lang='lat' dir='ltr'>quid</span> <span class='ocrx_word' id='word_1_92' title='bbox 1221 2051 1271 2078; x_wconf 89' lang='lat' dir='ltr'>ea</span> <span class='ocrx_word' id='word_1_93' title='bbox 1301 2049 1347 2077; x_wconf 87' lang='lat' dir='ltr'>re</span> <span class='ocrx_word' id='word_1_94' title='bbox 1378 2035 1482 2076; x_wconf 79' lang='lat' dir='ltr'>fuat.</span> 
     </span>
     <span class='ocr_line' id='line_1_27' title="bbox 349 2108 1308 2163; baseline -0.004 -10"><span class='ocrx_word' id='word_1_95' title='bbox 349 2111 393 2154; x_wconf 85' lang='lat' dir='ltr'>Si</span> <span class='ocrx_word' id='word_1_96' title='bbox 425 2112 462 2153; x_wconf 92' lang='lat' dir='ltr'>is</span> <span class='ocrx_word' id='word_1_97' title='bbox 494 2110 720 2163; x_wconf 79' lang='lat' dir='ltr'>alienatur,</span> <span class='ocrx_word' id='word_1_98' title='bbox 752 2114 944 2152; x_wconf 74' lang='lat' dir='ltr'>actumst</span> <span class='ocrx_word' id='word_1_99' title='bbox 975 2110 1027 2151; x_wconf 90' lang='lat' dir='ltr'>de</span> <span class='ocrx_word' id='word_1_100' title='bbox 1059 2108 1171 2151; x_wconf 91' lang='grc'>00110</span> <span class='ocrx_word' id='word_1_101' title='bbox 1204 2121 1308 2154; x_wconf 78' lang='lat' dir='ltr'>meo,</span> 
     </span>
     <span class='ocr_line' id='line_1_28' title="bbox 351 2180 1432 2237; baseline -0.005 -12"><span class='ocrx_word' id='word_1_102' title='bbox 351 2183 620 2225; x_wconf 77' lang='lat' dir='ltr'>Gestandust</span> <span class='ocrx_word' id='word_1_103' title='bbox 651 2197 828 2237; x_wconf 84' lang='lat' dir='ltr'>peregre</span> <span class='ocrx_word' id='word_1_104' title='bbox 859 2182 1046 2235; x_wconf 87' lang='lat' dir='ltr'>clupeus,</span> <span class='ocrx_word' id='word_1_105' title='bbox 1079 2181 1219 2234; x_wconf 86' lang='lat' dir='ltr'>galea,</span> <span class='ocrx_word' id='word_1_106' title='bbox 1250 2180 1432 2222; x_wconf 85' lang='lat' dir='ltr'>sarcina.</span> 
     </span>
     <span class='ocr_line' id='line_1_29' title="bbox 351 2252 1452 2308; baseline -0.003 -13"><span class='ocrx_word' id='word_1_107' title='bbox 351 2255 549 2308; x_wconf 73' lang='lat' dir='ltr'>chugict</span> <span class='ocrx_word' id='word_1_108' title='bbox 581 2269 630 2295; x_wconf 83' lang='lat' dir='ltr'>ex</span> <span class='ocrx_word' id='word_1_109' title='bbox 663 2255 784 2306; x_wconf 90' lang='lat' dir='ltr'>urbe,</span> <span class='ocrx_word' id='word_1_110' title='bbox 816 2254 890 2296; x_wconf 87' lang='lat' dir='ltr'>ubi</span> <span class='ocrx_word' id='word_1_111' title='bbox 923 2258 1050 2296; x_wconf 76' lang='lat' dir='ltr'>erunt</span> <span class='ocrx_word' id='word_1_112' title='bbox 1080 2252 1221 2294; x_wconf 80' lang='lat' dir='ltr'>factae</span> <span class='ocrx_word' id='word_1_113' title='bbox 1252 2252 1452 2306; x_wconf 71' lang='lat' dir='ltr'>nuptiae,</span> 
     </span>
     <span class='ocr_line' id='line_1_30' title="bbox 349 2323 1837 2381; baseline -0.003 -13"><span class='ocrx_word' id='word_1_114' title='bbox 349 2327 435 2369; x_wconf 77' lang='lat' dir='ltr'>Ibit</span> <span class='ocrx_word' id='word_1_115' title='bbox 464 2326 490 2376; x_wconf 87' lang='lat'><strong>†</strong></span> <span class='ocrx_word' id='word_1_116' title='bbox 521 2327 630 2368; x_wconf 75' lang='lat' dir='ltr'>istac</span> <span class='ocrx_word' id='word_1_117' title='bbox 663 2327 807 2381; x_wconf 80' lang='lat' dir='ltr'>aliquo</span> <span class='ocrx_word' id='word_1_118' title='bbox 838 2327 880 2367; x_wconf 88' lang='lat' dir='ltr'>in</span> <span class='ocrx_word' id='word_1_119' title='bbox 914 2340 1157 2367; x_wconf 80' lang='lat' dir='ltr'>maxumam</span> <span class='ocrx_word' id='word_1_120' title='bbox 1191 2323 1346 2366; x_wconf 89' lang='lat' dir='ltr'>malam</span> <span class='ocrx_word' id='word_1_121' title='bbox 1379 2336 1548 2364; x_wconf 86' lang='lat' dir='ltr'>crucem</span> <span class='ocrx_word' id='word_1_122' title='bbox 1770 2330 1837 2364; x_wconf 88' lang='grc'>600</span> 
     </span>
     <span class='ocr_line' id='line_1_31' title="bbox 350 2395 1471 2448; baseline -0.004 -8"><span class='ocrx_word' id='word_1_123' title='bbox 350 2399 688 2448; x_wconf 78' lang='lat' dir='ltr'>Latrocinatum,</span> <span class='ocrx_word' id='word_1_124' title='bbox 722 2402 798 2439; x_wconf 75' lang='lat' dir='ltr'>aut</span> <span class='ocrx_word' id='word_1_125' title='bbox 827 2399 870 2438; x_wconf 88' lang='lat' dir='ltr'>in</span> <span class='ocrx_word' id='word_1_126' title='bbox 902 2397 1048 2439; x_wconf 84' lang='lat' dir='ltr'>Asiam</span> <span class='ocrx_word' id='word_1_127' title='bbox 1082 2402 1157 2438; x_wconf 80' lang='lat' dir='ltr'>aut</span> <span class='ocrx_word' id='word_1_128' title='bbox 1186 2397 1230 2437; x_wconf 87' lang='lat' dir='ltr'>iu</span> <span class='ocrx_word' id='word_1_129' title='bbox 1264 2395 1471 2437; x_wconf 86' lang='lat' dir='ltr'>Ciliciam.</span> 
     </span>
     <span class='ocr_line' id='line_1_32' title="bbox 352 2464 1724 2523; baseline -0.005 -11"><span class='ocrx_word' id='word_1_130' title='bbox 352 2470 429 2512; x_wconf 91' lang='lat' dir='ltr'>Ibo</span> <span class='ocrx_word' id='word_1_131' title='bbox 461 2470 544 2511; x_wconf 89' lang='lat' dir='ltr'>huc</span> <span class='ocrx_word' id='word_1_132' title='bbox 576 2484 660 2523; x_wconf 87' lang='lat' dir='ltr'>quo</span> <span class='ocrx_word' id='word_1_133' title='bbox 694 2469 795 2510; x_wconf 86' lang='lat' dir='ltr'>mihi</span> <span class='ocrx_word' id='word_1_134' title='bbox 826 2470 1141 2522; x_wconf 77' lang='lat' dir='ltr'>imperatumst,</span> <span class='ocrx_word' id='word_1_135' title='bbox 1174 2469 1256 2509; x_wconf 80' lang='lat' dir='ltr'>etsi</span> <span class='ocrx_word' id='word_1_136' title='bbox 1291 2467 1362 2509; x_wconf 91' lang='lat' dir='ltr'>odi</span> <span class='ocrx_word' id='word_1_137' title='bbox 1394 2465 1505 2507; x_wconf 87' lang='lat' dir='ltr'>hanc</span> <span class='ocrx_word' id='word_1_138' title='bbox 1538 2464 1724 2514; x_wconf 89' lang='lat' dir='ltr'>domum,</span> 
     </span>
     <span class='ocr_line' id='line_1_33' title="bbox 353 2538 1502 2595; baseline -0.003 -12"><span class='ocrx_word' id='word_1_139' title='bbox 353 2542 588 2595; x_wconf 80' lang='lat' dir='ltr'>Postquam</span> <span class='ocrx_word' id='word_1_140' title='bbox 621 2541 874 2582; x_wconf 76' lang='lat' dir='ltr'>exturbauit</span> <span class='ocrx_word' id='word_1_141' title='bbox 906 2541 975 2582; x_wconf 87' lang='lat' dir='ltr'>hic</span> <span class='ocrx_word' id='word_1_142' title='bbox 1006 2555 1083 2582; x_wconf 87' lang='lat' dir='ltr'>nos</span> <span class='ocrx_word' id='word_1_143' title='bbox 1115 2541 1276 2582; x_wconf 81' lang='lat' dir='ltr'>nostris</span> <span class='ocrx_word' id='word_1_144' title='bbox 1309 2538 1502 2580; x_wconf 84' lang='lat' dir='ltr'>aedibus.</span> 
     </span>
    </p>
   </div>
   <div class='ocr_carea' id='block_1_10' title="bbox 501 2622 623 2625">
    <p class='ocr_par' dir='ltr' id='par_1_11' title="bbox 501 2622 623 2625">
     <span class='ocr_line' id='line_1_34' title="bbox 501 2622 623 2625; baseline 0 0"><span class='ocrx_word' id='word_1_145' title='bbox 501 2622 623 2625; x_wconf 95' lang='lat' dir='ltr'> </span> 
     </span>
    </p>
   </div>
   <div class='ocr_carea' id='block_1_11' title="bbox 354 2645 1841 2803">
    <p class='ocr_par' dir='ltr' id='par_1_12' title="bbox 354 2645 1841 2803">
     <span class='ocr_line' id='line_1_35' title="bbox 468 2645 1840 2698; baseline -0.006 -10"><span class='ocrx_word' id='word_1_146' title='bbox 468 2656 533 2688; x_wconf 77' lang='lat'>589</span> <span class='ocrx_word' id='word_1_147' title='bbox 559 2654 571 2687; x_wconf 93' lang='lat'><em>1</em></span> <span class='ocrx_word' id='word_1_148' title='bbox 599 2653 708 2687; x_wconf 81' lang='lat' dir='ltr'>modo</span> <span class='ocrx_word' id='word_1_149' title='bbox 735 2665 755 2688; x_wconf 93' lang='lat' dir='ltr'>o</span> <span class='ocrx_word' id='word_1_150' title='bbox 781 2657 888 2698; x_wconf 72' lang='lat' dir='ltr'>pater</span> <span class='ocrx_word' id='word_1_151' title='bbox 971 2655 1036 2688; x_wconf 78' lang='lat'>590</span> <span class='ocrx_word' id='word_1_152' title='bbox 1061 2663 1251 2697; x_wconf 75' lang='lat' dir='ltr'>peccarem</span> <span class='ocrx_word' id='word_1_153' title='bbox 1277 2651 1321 2694; x_wconf 92' lang='lat' dir='ltr'>B,</span> <span class='ocrx_word' id='word_1_154' title='bbox 1346 2661 1540 2695; x_wconf 82' lang='lat' dir='ltr'>peccarum</span> <span class='ocrx_word' id='word_1_155' title='bbox 1570 2649 1599 2683; x_wconf 89' lang='lat' dir='ltr'>C&#39;</span> <span class='ocrx_word' id='word_1_156' title='bbox 1677 2648 1744 2681; x_wconf 79' lang='lat'>597</span> <span class='ocrx_word' id='word_1_157' title='bbox 1768 2645 1840 2680; x_wconf 78' lang='lat' dir='ltr'>Sed</span> 
     </span>
     <span class='ocr_line' id='line_1_36' title="bbox 354 2706 1841 2752; baseline -0.005 -8"><span class='ocrx_word' id='word_1_158' title='bbox 354 2711 392 2745; x_wconf 89' lang='lat' dir='ltr'>id</span> <span class='ocrx_word' id='word_1_159' title='bbox 417 2711 445 2745; x_wconf 79' lang='lat' dir='ltr'>si</span> <span class='ocrx_word' id='word_1_160' title='bbox 551 2713 672 2744; x_wconf 78' lang='lat' dir='ltr'>actum</span> <span class='ocrx_word' id='word_1_161' title='bbox 699 2710 727 2743; x_wconf 84' lang='lat' dir='ltr'>si</span> <span class='ocrx_word' id='word_1_162' title='bbox 832 2711 896 2744; x_wconf 78' lang='lat'>598</span> <span class='ocrx_word' id='word_1_163' title='bbox 922 2709 1113 2744; x_wconf 79' lang='lat' dir='ltr'>Gestandu</span> <span class='ocrx_word' id='word_1_164' title='bbox 1138 2709 1167 2743; x_wconf 83' lang='lat' dir='ltr'>si</span> <span class='ocrx_word' id='word_1_165' title='bbox 1193 2708 1238 2751; x_wconf 91' lang='lat' dir='ltr'>B,</span> <span class='ocrx_word' id='word_1_166' title='bbox 1265 2707 1446 2752; x_wconf 73' lang='lat' dir='ltr'>gestandu</span> <span class='ocrx_word' id='word_1_167' title='bbox 1475 2706 1504 2741; x_wconf 84' lang='lat'><em>0</em></span> <span class='ocrx_word' id='word_1_168' title='bbox 1611 2706 1678 2739; x_wconf 84' lang='lat'>603</span> <span class='ocrx_word' id='word_1_169' title='bbox 1703 2714 1770 2739; x_wconf 81' lang='lat' dir='ltr'>nos</span> <span class='ocrx_word' id='word_1_170' title='bbox 1797 2714 1841 2737; x_wconf 86' lang='lat' dir='ltr'>ex</span> 
     </span>
     <span class='ocr_line' id='line_1_37' title="bbox 357 2765 1177 2803; baseline -0.005 0"><span class='ocrx_word' id='word_1_171' title='bbox 357 2768 490 2803; x_wconf 77' lang='lat' dir='ltr'>nostris</span> <span class='ocrx_word' id='word_1_172' title='bbox 580 2766 733 2800; x_wconf 79' lang='lat' dir='ltr'>aedibus</span> <span class='ocrx_word' id='word_1_173' title='bbox 759 2767 913 2801; x_wconf 82' lang='lat' dir='ltr'>callides</span> <span class='ocrx_word' id='word_1_174' title='bbox 941 2766 1116 2801; x_wconf 76' lang='lat' dir='ltr'>Stasimus</span> <span class='ocrx_word' id='word_1_175' title='bbox 1142 2765 1177 2800; x_wconf 91' lang='lat' dir='ltr'><strong><em>B</em></strong></span> 
     </span>
    </p>
   </div>
   <div class='ocr_carea' id='block_1_12' title="bbox 1941 0 2009 1157">
    <p class='ocr_par' dir='ltr' id='par_1_13' title="bbox 1941 0 2009 1157">
     <span class='ocr_line' id='line_1_38' title="bbox 1941 0 2009 1157; baseline 0 0"><span class='ocrx_word' id='word_1_176' title='bbox 1941 0 2009 1157; x_wconf 95' lang='lat' dir='ltr'> </span> 
     </span>
    </p>
   </div>
  </div>
 </body>
</html>
