2009 3218
204 149 253 195 11,
279 152 309 195 1,
333 150 454 190 88-2,
479 148 500 181 6
795 148 1048 184 Truculentus.
1600 156 1681 195 355

198 277 280 319 Per
308 275 481 317 hortum
512 273 748 315 transiliuit
777 273 832 315 ad
864 288 954 316 nos.
1019 274 1126 316 Eum
1159 275 1258 317 uolo
1291 278 1544 328 conuenire;
1578 286 1586 296 ’

399 345 483 389 Sed
515 350 579 387 est
610 345 709 387 huic
740 359 852 387 unus
885 360 1033 387 seruos
1065 347 1431 400 uiolentissumus,

200 420 281 471 Qui
310 419 383 462 ubi
415 431 630 473 quamque
662 421 910 460 nostrarum
942 418 1061 460 uidet
1093 433 1226 472 prope
1258 420 1378 462 aedis
1409 420 1638 474 adgrediri‚

199 492 303 534 Item
334 495 382 533 ut
413 489 465 531 de
497 488 710 531 frumento
742 504 918 532 anseres
950 490 1137 532 clamore
1169 491 1389 534 absterret
1419 493 1576 547 abigit3
1617 505 1684 538 250

199 563 263 606 lta
293 568 359 604 est
389 562 586 616 agrestis.
649 560 732 603 Sed
764 560 891 612 fores,
925 561 1135 617 quidquid
1168 567 1235 605 est
1265 563 1469 616 futurum,
1502 565 1666 608 feriam.

199 636 355 690 Ecquis
387 634 487 676 huic
517 633 698 675 tutelam
730 635 885 675 ianuae
917 634 1058 687 gerit?
1090 636 1238 688 ecquis
1270 636 1387 678 intus
1420 638 1534 679 exit?

527 866 679 908 STRA
691 865 890 908 TYLLA
900 867 942 907 X
1031 866 1352 909 ASTAPHIUM

783 992 934 1034 Strat
979 992 1089 1033 llax

199 1065 301 1116 Quis
332 1064 420 1106 illic
451 1068 517 1106 est
548 1065 621 1118 qui
652 1069 741 1106 tam
773 1007 976 1118 proteruye
1006 1069 1179 1107 nostras
1212 1065 1333 1108 aedis
1364 1067 1551 1109 arietat?

774 1158 1096 1212 Astaphium

198 1231 286 1286 Ego
318 1246 432 1284 sum3
462 1232 628 1286 respice
660 1231 716 1273 ad
747 1246 826 1274 me.

780 1326 1089 1381 Stratyllax

822 1397 963 1448 Quid?
994 1399 1102 1452 ego?

781 1494 814 1535 A
827 1509 846 1536 s
856 1498 875 1536 t
885 1508 909 1536 a
922 1509 948 1548 p
959 1494 1009 1536 hi
1023 1509 1050 1536 u
1063 1509 1101 1536 m

1099 1566 1251 1609 Nonne
1282 1581 1360 1622 ego
1391 1569 1543 1611 uideor
1574 1569 1653 1611 tibi
1664 1570 1683 1610 ¹?

788 1660 1089 1714 Stratyllax

199 1729 309 1780 Quid
332 1731 412 1773 tibi
439 1732 492 1773 ad
517 1731 646 1774 hasce
670 1733 863 1774 accessio
889 1733 1010 1775 aedis
1035 1738 1102 1775 est
1125 1748 1261 1789 prope
1286 1739 1362 1777 aut
1378 1736 1591 1790 pultatio‘?
1617 1747 1683 1781 255

776 1828 808 1869 A
821 1832 868 1870 st
880 1841 905 1870 a
915 1843 940 1883 p
954 1828 982 1870 h
992 1829 1005 1870 i
1016 1843 1043 1870 u
1054 1843 1094 1870 m

198 1881 336 1925 Salue.

788 1957 1090 2011 Stratyllax

373 2026 449 2070 Sat
479 2027 584 2070 mihi
615 2033 680 2071 est
710 2033 812 2072 tuae
843 2030 1018 2082 salutis3
1048 2029 1155 2072 nihil
1186 2043 1350 2083 moror3
1381 2045 1466 2074 non
1502 2031 1682 2074 salueo‘?

199 2098 434 2154 Aegrotare
467 2100 612 2142 malim
644 2115 774 2155 quam
806 2115 900 2144 esse
931 2106 1008 2144 tua
1039 2101 1176 2144 salute
1207 2103 1365 2145 sanior.

200 2170 282 2214 Sed
313 2172 412 2215 uolo
446 2173 574 2216 scire:
608 2173 711 2228 quid
743 2173 927 2216 debetur
956 2173 1028 2216 hic
1058 2173 1138 2216 tibi
1170 2175 1212 2216 in
1244 2179 1396 2217 nostra
1427 2175 1584 2218 domo?

309 2333 375 2367 247
400 2331 473 2366 Por
497 2331 533 2366 B
623 2333 757 2367 transit
780 2331 816 2366 A
903 2333 969 2366 248
993 2331 1053 2366 hic
1078 2332 1112 2366 A
1198 2332 1470 2369 uiolentissimfi
1494 2333 1530 2368 B
1618 2335 1684 2368 249

199 2387 299 2423 aebis
324 2389 357 2423 A
438 2389 507 2424 hac
535 2389 565 2424 si
590 2389 786 2432 adgredias
811 2387 878 2424 BC
968 2390 1036 2423 250
1059 2389 1153 2423 Item
1179 2389 1264 2424 uide
1288 2389 1358 2425 BG
1443 2391 1507 2425 251
1534 2390 1569 2424 Is
1594 2391 1683 2425 item

200 2449 257 2479 est
279 2445 345 2481 Bc
409 2446 475 2481 252
500 2447 576 2480 exit
602 2446 736 2480 ancilla
759 2445 828 2480 BC
919 2444 1273 2482 TRUCULENTUS
1343 2446 1423 2482 AS.
1441 2476 1446 2482 .
1463 2475 1469 2480 .
1486 2446 1614 2482 HIUM
1638 2448 1682 2487 A,

199 2500 482 2538 ASTAPHIUM
574 2502 928 2538 TRUCULENTUS
953 2502 999 2545 B,
1026 2513 1090 2537 om·
1118 2502 1148 2538 0
1235 2505 1300 2539 253
1323 2507 1522 2548 propterue
1548 2504 1580 2537 A

313 2560 446 2595 erietat
471 2560 500 2595 G
624 2561 690 2594 254
714 2559 847 2595 Nonne
872 2559 1003 2594 uideor
1026 2560 1061 2594 A
1187 2565 1224 2596 te
1250 2561 1318 2595 tibi
1343 2560 1412 2596 ΒΟ
1533 2562 1600 2594 255
1625 2561 1684 2595 ab·

199 2613 308 2650 hasce
332 2615 368 2659 G,
395 2616 441 2650 ab
466 2627 551 2652 asce
575 2616 610 2651 B
691 2623 749 2652 est
773 2617 875 2652 aedis
900 2616 968 2651 BC
1049 2617 1244 2661 pultatiost
1268 2617 1334 2653 BC
1415 2619 1481 2652 256
1507 2618 1594 2652 satis
1619 2617 1686 2651 BC

288 2672 448 2707 mirol-B
517 2677 575 2708 sat
599 2673 771 2708 salueoA
841 2675 906 2707 257
931 2673 1153 2717 Egrotarem
1179 2674 1339 2719 aliquam
1364 2686 1478 2711 essem
1505 2686 1605 2708 suam
1622 2673 1688 2708 ΒΟ

200 2726 266 2762 258
288 2728 345 2763 Ad
371 2729 416 2771 Β,
442 2733 506 2765 aut
532 2730 562 2765 G
626 2734 766 2766 nostrae
793 2730 892 2765 domi
917 2729 986 2765 BG

1348 2803 1412 2836 23*
