2009 3218
426 208 508 247 484
1082 201 1240 237 Rudens.

422 353 471 359 —
513 333 604 370 578.
651 327 816 382 Itaque,
857 345 893 369 v.
926 331 976 368 ad
1014 331 1120 368 Pers.
1154 332 1247 368 480.
1288 350 1341 355 —
1378 326 1522 378 prodi,
1571 330 1798 377 corruptum
1833 326 1895 374 iri,

420 401 466 438 cf.
499 400 547 438 ad
587 401 678 438 529.
722 419 769 425 -
814 400 905 437 579.
943 395 1145 445 inuitare,
1192 399 1236 435 cf.
1271 398 1363 435 360.
1396 417 1448 422 —
1490 398 1581 434 580.
1619 405 1726 434 nunc
1763 394 1805 433 O.
1843 413 1899 420 —-
1966 430 1978 447 ,ὅ

423 469 514 506 581.
562 464 663 517 quid
705 465 808 516 ayz‘t,
853 480 887 504 v.
929 467 978 504 ad
1017 466 1156 516 Amph.
1201 467 1262 502 17.
1319 484 1370 489 —
1422 461 1658 513 conuiuam,
1705 463 1899 511 naufragii
1966 463 1977 507 J

421 549 579 574 socium.

541 808 632 846 582.
671 807 876 845 Daemones
901 808 1093 845 somnium
1118 809 1264 852 narrat,
1291 803 1395 854 quod
1418 803 1555 841 habuit
1579 806 1690 840 nocte
1713 803 1902 853 proxima,
1957 813 1959 815 ’

428 877 474 914 cf.
507 876 554 913 ad
585 875 705 913 Mero.
739 876 819 913 222
850 889 946 925 sqq.,
982 875 1050 912 ubi
1080 887 1215 911 versus
1249 875 1347 918 582,
1382 873 1480 919 583,
1514 872 1590 909 585
1624 872 1740 908 etiam
1770 870 1904 918 legun·
1975 891 1989 916 5

427 948 505 990 tur,
538 947 576 981 et
606 943 682 981 duo
712 944 827 993 primi
859 943 1015 992 quidem
1046 944 1103 980 ita
1133 946 1178 978 ut
1208 941 1305 978 nihil
1336 942 1508 977 varietur
1539 943 1578 976 et
1607 939 1755 976 lacunae
1791 937 1906 975 huius
1985 928 1989 933 ’

430 1012 505 1050 loci
535 1012 626 1050 inde
656 1011 805 1061 expleri
836 1012 1058 1061 potuerint3
1090 1011 1130 1047 in
1161 1011 1278 1047 tertio
1310 1008 1362 1045 ibi
1384 1004 1638 1057 „praeteriit“
1659 1007 1814 1056 legitur,
1844 1005 1908 1043 hic
1926 1012 1939 1043 τ’

436 1076 690 1130 „processit“,
729 1091 800 1129 pro
840 1091 916 1128 quo
942 1075 1171 1126 praecessit
1200 1081 1306 1115 recte
1337 1076 1560 1114 Lambinus.
1602 1095 1655 1100 —
1694 1076 1786 1113 589.
1826 1083 1907 1121 eas,

431 1147 673 1195 hirundines,
706 1161 739 1184 v.
774 1146 822 1183 ad
846 1146 929 1183 Mil.
960 1147 1050 1184 187.
1083 1165 1136 1170 —
1168 1141 1334 1194 eripere.
1382 1144 1493 1191 Quod
1523 1144 1652 1181 fuerat
1682 1143 1748 1193 qui
1785 1141 1908 1189 „deri-
1986 1160 1995 1163 -

432 1213 549 1265 pere“
586 1215 812 1264 corrigeret,
843 1213 1043 1251 Acidalius
1075 1214 1242 1251 contulit
1274 1214 1365 1250 762.
1392 1232 1447 1237 —-
1479 1206 1653 1258 Ροεΐίόἱ,
1682 1224 1718 1248 v.
1750 1210 1798 1248 ad
1825 1209 1908 1248 Mil.
1992 1237 1995 1244 .

438 1284 556 1321 1410.
596 1302 649 1308 --
693 1283 785 1321 590.
841 1278 1017 1321 Uidetur
1053 1281 1159 1319 Reiz.
1200 1302 1253 1306 —
1294 1283 1384 1320 593.
1429 1277 1564 1319 Natos
1602 1290 1651 1318 ex
1684 1274 1912 1317 Philomela
1966 1260 1992 1315 ἰ.

437 1351 556 1402 atque
591 1361 640 1388 6oe
671 1345 854 1400 Proque,
902 1351 1013 1400 quasi
1053 1353 1218 1399 utraque
1256 1350 1296 1386 in
1333 1349 1580 1387 hirundinem
1621 1350 1772 1384 mutata
1801 1349 1910 1394 esset,
1966 1391 1974 1408 a·

437 1432 672 1469 quamquam
703 1432 750 1456 ex
779 1419 934 1468 vulgari
956 1418 1090 1455 fabula
1105 1417 1320 1455 Philomela
1343 1416 1512 1455 hirundo
1537 1416 1641 1453 facta
1662 1419 1734 1464 est,
1766 1415 1914 1453 Procne
1968 1410 1977 1431 '¹'

437 1488 613 1534 luscinia,
647 1485 884 1536 v.Apollod.
911 1485 980 1533 III,
1016 1487 1078 1534 14,
1112 1487 1148 1524 8.
1194 1485 1307 1524 Paus.
1334 1485 1383 1533 X,
1416 1486 1452 1532 4,
1486 1486 1523 1523 9.
1570 1483 1661 1530 Quae
1693 1485 1786 1534 quia
1814 1477 1913 1520 Panss
1964 1480 1997 1520 J*

438 1556 579 1603 dionis,
610 1555 854 1592 Athenarum
884 1555 1001 1603 regis,
1035 1554 1124 1592 filiae
1156 1558 1284 1601 erant,
1316 1553 1544 1591 hirundines
1572 1547 1796 1601 populares
1824 1563 1914 1589 suos
1966 1571 2000 1589 >-

439 1624 545 1662 dicit.
592 1643 647 1649 —-
693 1624 783 1661 595.
826 1619 955 1660 nimio
993 1622 1212 1670 Acidalius3
1258 1622 1430 1660 codicum
1469 1622 1702 1671 scripturam
1737 1615 1910 1667 „animo“
1967 1610 1983 1645 ἶ

442 1691 650 1730 defendere
682 1694 846 1728 conatur
877 1691 1054 1741 Kampm.
1086 1705 1125 1742 p.
1159 1691 1223 1729 36.
1265 1711 1318 1716 —
1360 1691 1450 1729 597.
1489 1690 1585 1727 Post
1621 1698 1684 1726 me
1719 1687 1848 1725 hiatus
1876 1688 1916 1725 in
1995 1704 1998 1719 ·

442 1773 599 1798 caesura.
627 1780 681 1784 —
706 1760 798 1797 600.
830 1756 957 1797 Nunc
986 1769 1110 1809 quam
1140 1759 1226 1796 edd.
1254 1779 1302 1784 —
1331 1759 1411 1797 602
1441 1771 1498 1808 sq.
1530 1766 1642 1795 meae
1669 1752 1850 1794 uiciniae
1878 1756 1927 1792 et

441 1826 619 1866 miratur
648 1836 761 1865 meus
791 1827 989 1877 supplevit
1018 1827 1241 1873 Turnebus,
1282 1831 1325 1864 ut
1355 1826 1529 1872 videtur,
1568 1839 1588 1862 e
1619 1824 1750 1862 codice
1780 1823 1915 1873 deper-
1977 1864 1986 1874 ,

443 1897 539 1943 dito,
571 1898 611 1933 in
641 1909 718 1945 quo
748 1896 864 1931 etiam
897 1895 1015 1932 Poen.
1048 1899 1137 1932 ante
1166 1909 1203 1933 v.
1230 1897 1309 1933 975
1335 1895 1538 1944 legebatur
1571 1892 1731 1940 „Facies
1762 1891 1916 1941 quidem
1991 1912 1993 1918 ‹

444 1964 583 2014 edepol
620 1964 767 2001 Punica
810 1966 887 2010 est3
933 1975 1064 2013 gugga
1108 1967 1167 2000 est
1209 1960 1364 2010 homo“‚
1412 1975 1496 2012 quae
1535 1955 1759 1999 intextum
1797 1960 1917 2010 recipi

446 2033 641 2084 oportuit,
687 2032 866 2081 quoniam
900 2033 1014 2068 etiam
1054 2033 1094 2068 in
1124 2032 1159 2068 A
1191 2035 1355 2068 exstant.
1415 2040 1526 2068 meae
1562 2025 1739 2068 uiciniae
1777 2028 1918 2066 dicitur
1969 2037 1983 2055 ’·

445 2105 490 2138 ut
524 2113 657 2148 „meae
689 2095 834 2145 domi“,
866 2113 902 2137 v.
938 2101 987 2137 ad
1016 2099 1154 2137 Bacch.
1190 2101 1291 2146 2023
1337 2100 1412 2136 iam
1451 2099 1551 2135 enim
1588 2098 1671 2135 sine
1700 2097 1781 2135 ulla
1810 2095 1917 2134 dubi·
1972 2113 1984 2138 τ,

446 2169 596 2205 tatione
640 2168 863 2218 „proximae
904 2168 1091 2205 uiciniae“
1140 2168 1359 2218 scripserim
1405 2170 1444 2204 et
1479 2166 1534 2203 ibi
1573 2169 1613 2203 et
1648 2165 1733 2203 Mil.
1765 2166 1844 2203 275
1881 2164 1920 2201 et

447 2236 563 2273 Most.
601 2237 717 2274 1044.

562 2304 654 2341 604.
701 2304 906 2342 Trachalio
944 2316 990 2340 ex
1028 2304 1118 2340 fano
1157 2304 1329 2340 excurrit
1366 2306 1502 2340 contra
1532 2303 1607 2340 vim
1638 2300 1824 2339 Labracis
1852 2299 1919 2337 ho·
1977 2291 1981 2293 ’

450 2373 594 2409 minum
635 2385 747 2421 opem
788 2372 1023 2422 implorans,
1069 2371 1116 2409 cf.
1149 2370 1236 2408 Aul.
1272 2372 1362 2409 398.
1409 2390 1463 2396 —
1510 2371 1588 2408 607
1628 2369 1740 2407 affert
1775 2367 1920 2406 Nonius
1975 2380 2001 2404 .·

450 2452 487 2488 p.
525 2440 599 2476 155
634 2444 834 2490 corrupte:
887 2453 959 2487 „ne
989 2441 1209 2489 ineptorum
1242 2442 1371 2488 potior
1401 2440 1453 2476 sit
1481 2434 1696 2488 polentia“.
1756 2435 1811 2474 Of.
1834 2433 1918 2472 Cu.
1975 2416 1981 2429 Δ

454 2507 551 2545 766:
607 2510 674 2553 „ut
713 2509 843 2557 potior
882 2508 1071 2557 pollentia
1107 2507 1160 2544 sis
1190 2508 1399 2556 uincasque
1429 2503 1596 2544 uirum“.
1630 2525 1682 2530 —
1715 2505 1806 2542 613.
1837 2497 1918 2552 qm',

452 2588 525 2612 om.
562 2572 674 2621 „iis“,
706 2589 741 2611 v.
775 2575 822 2612 ad
854 2576 992 2624 Amph.
1029 2576 1093 2613 38.
1132 2575 1231 2612 infra
1266 2576 1383 2612 1309.
1424 2593 1478 2598 —
1517 2574 1609 2611 614.
1652 2565 1922 2620 „custodelam

454 2642 635 2680 dicebant
657 2643 808 2691 antiqui
833 2656 946 2692 quam
972 2656 1073 2680 nunc
1098 2642 1260 2679 dicimus
1285 2639 1542 2680 custodiam“.
1581 2640 1687 2678 Fest.
1705 2639 1778 2690 Ep.
1801 2651 1839 2688 p.
1858 2636 1919 2675 51.
1974 2639 1977 2644 ⁴

453 2710 549 2746 Inde
579 2710 676 2746 hanc
706 2709 888 2753 formam,
936 2723 1049 2759 quam
1081 2710 1334 2761 postulabant
1363 2710 1533 2756 numeri,
1579 2707 1799 2746 introduxit
1826 2703 1920 2743 Gru·
1981 2723 1986 2734 2

455 2782 561 2816 terus
592 2778 665 2824 hic,
698 2778 798 2814 infra
829 2777 921 2824 686,
953 2778 1069 2815 Most.
1104 2779 1195 2824 398,
1229 2777 1347 2814 Mero.
1381 2778 1473 2815 230.
1507 2797 1561 2801 —
1599 2778 1689 2814 615.
1721 2769 1923 2824 peramat
