2009 3218
215 193 245 237 1,
271 193 303 235 Β,
327 193 458 228 66—81
885 191 1041 228 Stichus.
1622 195 1700 235 201

839 317 1075 359 Antiaho

214 388 334 441 Quae
365 388 445 432 tibi
476 388 629 431 mulier
659 388 834 431 uidetur
865 331 999 431 multo
1032 389 1397 443 sapientissuma‘?

820 513 1095 566 Pamphila

213 585 332 638 Quae
363 589 528 637 tamen,
568 599 699 640 quom
730 599 798 627 res
830 586 1044 628 secundae
1076 590 1196 638 sunt,
1237 599 1282 627 se
1313 586 1475 640 poterit
1507 599 1704 639 noscere3

214 657 265 701 Et
289 657 366 700 illa
389 671 500 711 quae
524 671 664 712 aequo
691 658 833 699 animo
860 659 1053 712 patietur
1079 658 1160 699 sibi
1189 671 1281 700 esse
1307 658 1430 712 peius
1455 671 1584 712 quam
1609 658 1702 700 fuit.

837 783 1069 835 Antipho

213 854 378 909 Edepol
409 867 486 896 uos
517 853 659 908 lepide
691 857 902 909 temptaui
936 861 1217 909 nostrumque
1248 855 1465 908 ingenium
1496 856 1652 910 ingeni.

213 925 295 968 Sed
328 926 408 968 hoc
440 931 508 968 est
538 926 668 980 quod,
701 926 756 968 ad
788 941 865 969 uos
895 929 1022 969 uenio
1055 927 1261 982 quodque
1295 940 1388 969 esse
1420 927 1571 969 ambas
1604 941 1704 969 con-

1159 1003 1314 1041 uentas
1346 999 1466 1042 uolo:
1641 1011 1705 1045 130

211 1070 315 1113 Mihi
347 1075 547 1113 auctores
579 1071 641 1112 ita
671 1077 770 1113 sunt
801 1072 941 1117 amici,
977 1078 1022 1114 ut
1047 1087 1126 1114 uos
1151 1072 1252 1114 hinc
1277 1071 1492 1114 abducam
1515 1071 1702 1114 domum.

813 1200 1102 1255 Paneyyris

212 1272 267 1314 At
297 1272 410 1314 enim
440 1286 531 1322 nos,
565 1286 748 1326 quarum
780 1287 848 1314 res
880 1275 1034 1326 agitur,
1066 1273 1196 1316 aliter
1226 1278 1429 1316 auctores
1462 1287 1621 1315 sumus.

211 1344 318 1387 Nam
349 1350 426 1386 aut
457 1344 573 1394 olim,
605 1345 688 1387 nisi
719 1345 798 1386 tibi
832 1345 1077 1399 placebant,
1110 1359 1196 1388 non
1228 1345 1355 1389 datas
1386 1346 1581 1400 oportuit

210 1417 298 1459 Aut
327 1431 441 1459 nunc
471 1431 556 1459 non
589 1430 774 1471 aequom
801 1424 870 1459 est
894 1418 1061 1467 abduci,
1096 1422 1231 1472 pater,
1263 1417 1402 1459 illisce
1429 1417 1701 1460 absentibus.

837 1543 1064 1596 Antipho

210 1614 350 1657 Uosne
382 1628 460 1668 ego
492 1616 634 1670 patiar
666 1629 763 1658 cum
794 1615 1000 1657 mendicis
1033 1620 1192 1669 nuptas
1222 1630 1289 1657 me
1321 1616 1422 1658 uiuo
1455 1615 1589 1658 uiris?
1641 1626 1704 1660 135

813 1740 1091 1792 Pamphila

207 1811 355 1855 Placet
385 1812 458 1855 ille
490 1826 609 1854 meus
644 1813 747 1855 mihi
777 1814 1020 1863 mendicus3
1053 1826 1157 1855 suus
1188 1827 1263 1854 rex
1293 1813 1469 1866 reginae
1501 1813 1655 1867 placet.

207 1884 325 1927 Idem
356 1886 545 1927 animust
574 1886 618 1927 in
649 1889 919 1940 paupertate.
954 1886 1026 1939 qui
1059 1885 1159 1926 olim
1190 1888 1235 1927 in
1266 1884 1431 1927 diuitiis
1464 1884 1558 1926 fuit.

830 2011 908 2052 An
922 2011 960 2051 te·
980 2010 1063 2052 leo

209 2080 350 2124 Uosne
381 2081 573 2124 latrones
605 2087 648 2124 et
680 2082 897 2123 mendicos
928 2024 1123 2124 homines
1155 2083 1299 2136 magni
1331 2083 1549 2137 penditis?

808 2207 1098 2261 Paneyyris

183 2277 302 2320 ¹Non
333 2283 379 2320 tu
412 2292 478 2320 me
510 2283 689 2332 argento
721 2279 880 2321 dedisti
913 2281 1064 2333 opinor
1094 2285 1288 2334 nuptum,
1322 2280 1399 2322 sed
1429 2281 1523 2322 uiro

831 2404 1060 2456 Antipho

206 2473 316 2525 Quid
341 2475 441 2518 illos
467 2477 708 2530 expectatis
734 2477 808 2530 qui
835 2475 991 2517 abhinc
1015 2477 1100 2518 iam
1124 2477 1326 2519 abierunt
1342 2477 1606 2519 triennium?
1635 2489 1698 2522 140

207 2543 318 2595 Quin
348 2561 425 2589 uos
457 2548 613 2602 capitis
644 2547 939 2590 condicionem
973 2563 1022 2590 ex
1056 2562 1262 2602 pessuma
1292 2549 1574 2603 primariam?

322 2704 384 2737 127
409 2715 633 2749 cognoscere
648 2706 680 2740 A
778 2707 840 2740 129
864 2705 1004 2749 ingenii
1033 2705 1099 2741 BC
1189 2707 1252 2742 135
1277 2707 1422 2752 nuptias
1439 2707 1469 2743 G
1553 2707 1693 2742 uitioB

209 2759 272 2793 136
295 2759 383 2795 mihi
398 2771 498 2796 meus
513 2762 546 2796 A
617 2762 796 2798 mendicis
811 2761 878 2797 BC
951 2764 1014 2797 137
1039 2763 1186 2798 animus
1201 2768 1257 2798 est
1270 2762 1337 2798 BG
1407 2765 1471 2800 139
1495 2776 1552 2799 me
1578 2768 1616 2799 tu
1631 2765 1695 2800 BC
