2009 3218
136 203 192 243 IV,
219 207 250 240 4.
280 203 404 236 ist-81
803 199 960 233 studens.
1549 206 1622 242 157

732 324 1021 366 Daemones

676 397 738 438 Tu
768 396 881 438 audi.
948 397 1144 451 Loquere
1177 402 1235 439 tu.

776 487 976 540 Gripus

1172 549 1349 591 Alienon
1384 551 1503 604 prius
1539 562 1624 595 1050

135 623 270 674 Quam
305 629 377 664 tuo
411 621 536 664 dabis
569 620 840 663 orationem?

736 699 1015 741 Trachalio

879 772 936 814 Ut
968 773 1170 825 nequitur
1202 774 1424 827 conprimi.

134 848 198 890 Ita
229 852 278 889 ut
309 846 454 900 occepi
488 846 643 895 dicero,
676 844 798 886 illum
833 859 959 898 quem
994 844 1154 886 dudum
1189 859 1208 886 e
1238 846 1339 899 fano
1371 846 1470 888 (leae

134 920 347 962 Lenonem
380 918 613 963 extrusi-sti,
647 916 717 958 hic
750 917 843 959 eius
875 917 1069 959 uidulum
1103 917 1298 959 eccillum
1329 920 1447 959 tenet.

779 1011 979 1064 Gripus

137 1071 230 1113 Non
264 1070 418 1113 habeo.

742 1141 1017 1182 Trachalio

448 1212 590 1267 Negas
623 1212 735 1267 quod
770 1213 906 1255 oculis
941 1214 1099 1256 uideo?

781 1307 982 1361 Gripus

1131 1383 1188 1424 At
1217 1395 1270 1424 ne
1301 1382 1452 1424 uideas
1482 1382 1625 1424 uelim.

135 1454 297 1504 Habeo,
322 1468 405 1496 non
434 1452 593 1504 habe03
628 1452 731 1508 quid
749 1458 796 1494 tu
815 1467 880 1495 me
899 1467 1026 1496 curas
1045 1454 1146 1508 quid
1164 1468 1305 1496 rerum
1325 1454 1506 1507 geram?
1540 1465 1626 1499 1055

736 1533 1016 1576 Trachalio

137 1605 228 1656 Quo
260 1606 388 1647 modo
420 1605 598 1657 habeas,
631 1605 735 1647 illud
768 1606 912 1657 refert⁷
944 1607 1091 1648 iurene
1123 1620 1233 1648 anne
1265 1607 1438 1647 iniuria.

785 1685 984 1738 Gripus

136 1757 189 1799 Ni
221 1759 351 1800 istum
383 1758 490 1812 cepi,
524 1757 643 1799 nulla
675 1771 807 1799 eausa
838 1764 904 1800 est
935 1760 1037 1813 quin
1071 1772 1136 1800 me
1169 1757 1386 1800 condones
1419 1759 1547 1800 cruci.

137 1829 181 1872 Si
211 1830 255 1872 in
286 1830 393 1872 mari
426 1831 508 1872 reti
539 1829 814 1884 adprehendi,
847 1832 919 1884 qui
953 1836 1076 1872 tuum
1109 1831 1274 1885 potiust
1299 1844 1429 1883 quarn
1455 1830 1627 1871 meum?

739 1909 1016 1951 Trachalio

138 1981 283 2024 Uerba
315 1981 412 2033 dat3
445 1982 526 2024 hoc
562 1982 687 2024 modo
720 1996 790 2024 res
821 1986 944 2036 gesta
975 1986 1052 2033 est,
1085 1987 1132 2024 ut
1164 1996 1241 2036 ego
1275 1982 1384 2024 dico.

787 2076 986 2129 Gripus

1309 2133 1421 2185 Quid
1454 2139 1499 2176 tu
1533 2134 1628 2176 ais?

741 2213 1020 2255 Trachalio

141 2285 291 2337 Quoad
317 2287 546 2342 primarius
573 2287 638 2328 uir
663 2286 791 2337 dicat,
825 2287 1044 2340 conprime
1070 2285 1183 2327 hunc
1207 2286 1279 2329 sis.
1313 2286 1347 2327 si
1372 2290 1506 2328 tuust.
1543 2297 1630 2331 1060

787 2365 985 2417 Gripus

142 2437 263 2490 Quid,
294 2447 341 2481 tu
373 2438 484 2480 idem
519 2437 622 2480 mihi
655 2439 720 2479 uis
752 2437 857 2489 fieri,
889 2438 1004 2492 quod
1037 2452 1135 2480 erus
1167 2438 1392 2480 consueuit
1422 2438 1530 2481 tibi?

140 2508 182 2551 Si
214 2509 286 2552 ille
317 2515 360 2552 te
392 2511 659 2565 conprimere
692 2510 858 2560 solitus,
891 2510 959 2551 hie
990 2513 1138 2551 noster
1169 2524 1247 2552 nos
1279 2524 1363 2552 non
1395 2511 1517 2553 solet.

259 2670 344 2704 1050
369 2669 450 2703 dica
475 2669 519 2712 ssiz
541 2669 628 2703 nudi
740 2669 819 2701 1051
850 2667 1017 2711 nequiter
1045 2667 1074 2702 0
1173 2668 1374 2712 compremi
1400 2667 1436 2702 Β
1544 2669 1629 2702 1052

142 2735 161 2758 e
186 2724 270 2760 fano
297 2725 386 2761 deae
411 2726 510 2761 deest
616 2727 700 2759 1053
728 2725 870 2759 vcillum
978 2728 1082 2759 tenet
1106 2724 1202 2760 deest
1306 2726 1393 2759 1056
1417 2725 1447 2759 it
1472 2725 1514 2767 B¹
1540 2725 1576 2758 id
1605 2724 1633 2759 C

142 2781 219 2816 iure
247 2782 276 2817 G
364 2784 450 2817 1058
475 2784 566 2817 retia
591 2781 770 2827 prehendi
863 2782 985 2825 potius
1010 2786 1066 2815 est
1151 2783 1237 2816 1060
1261 2781 1366 2823 Quod
1463 2786 1546 2816 tuus
1572 2785 1630 2816 eut
