2009 3218
358 219 409 257 42
1043 212 1162 247 Plauti
1569 213 1633 255 111,
1659 215 1689 255 3,
1714 213 1849 247 30—42

358 339 440 381 Ubi
474 339 573 392 quid
609 338 858 388 credideris,
892 339 1019 380 citius
1052 340 1267 394 extemplo
1302 355 1326 379 a
1357 340 1450 380 foro

358 411 557 464 Fugiunt,
591 424 719 464 quam
752 424 802 451 ex
832 414 960 463 porta
990 410 1103 452 ludis
1135 425 1264 465 quom
1297 412 1501 453 emissust
1530 411 1664 464 lepus.
1782 421 1848 454 435

979 505 1212 546 Toseilus

359 560 475 615 Cape
507 561 589 603 hoo
619 561 689 603 sis.

966 633 1243 675 Dordalus

750 705 863 755 Quin
895 705 1000 747 das?

1000 799 1217 840 Toaez'lus

1057 870 1231 913 Nummi
1264 871 1451 913 sescenti
1483 870 1552 911 hic
1584 874 1710 912 erunt

361 943 501 993 Probi,
534 943 766 994 numerati3
799 942 868 983 fao
900 943 956 983 sit
988 942 1142 984 mulier
1172 943 1310 986 libera
1639 951 1641 953 ’

362 1013 502 1067 Atque
535 1014 616 1055 hue
647 1015 850 1056 continuo
883 1013 1061 1055 adduce.

970 1109 1247 1151 Dordalus

1135 1181 1224 1223 Iam
1257 1180 1355 1223 faxo
1387 1181 1455 1222 hic
1486 1181 1579 1222 erit.

363 1253 456 1295 Non
487 1253 643 1305 hercle,
676 1254 777 1307 quoi
810 1266 924 1294 nune
955 1253 1038 1295 hoe
1069 1253 1166 1294 dem
1198 1253 1495 1307 spectandum,
1529 1254 1628 1294 scio.

995 1348 1214 1389 Toxilus

364 1419 565 1461 Fortasse
597 1423 754 1461 metuis
787 1421 827 1460 in
861 1433 1034 1461 manum
1067 1420 1355 1462 concredere?
1788 1429 1856 1463 440

974 1514 1246 1556 Dordalus

362 1569 547 1612 Mirum?
1273 1589 1276 1593 ·

1003 1643 1224 1684 Toxilus
1253 1678 1260 1686 .

625 1713 737 1763 Quin
769 1715 895 1756 citius
927 1715 1012 1757 iam
1044 1729 1069 1757 a
1101 1713 1193 1757 foro
1227 1715 1464 1768 argentarii

364 1786 549 1837 Abeunt,
582 1800 710 1840 quam
743 1786 786 1827 in
820 1801 946 1828 cursu
978 1787 1122 1829 rotula
1153 1787 1518 1829 circumuortitur.

366 1859 446 1900 Abi
477 1861 586 1901 istac
618 1861 661 1900 tet
692 1859 862 1901 auorsis
895 1860 1135 1913 angiportis
1168 1859 1223 1900 ad
1254 1859 1413 1909 forum3

366 1931 530 1973 Eadem
561 1932 699 1972 istaec
732 1930 863 1973 facito
896 1932 1052 1973 mulier
1085 1931 1139 1972 ad
1171 1945 1237 1973 me
1270 1936 1465 1973 transeat

366 2003 449 2045 Per
480 2003 665 2045 hortum

976 2075 1251 2117 Dordalus

723 2146 812 2187 Iam
844 2146 913 2189 hic
943 2146 1041 2189 faxo
1074 2147 1227 2188 aderit.

1006 2242 1133 2282 Toxi
1143 2242 1189 2283 lu
1201 2257 1221 2281 s

1281 2312 1337 2354 At
1367 2326 1418 2354 ne
1450 2313 1687 2365 propalam.
1792 2323 1860 2356 445

976 2405 1252 2446 Dordalus

370 2461 596 2515 Sapienter
627 2475 740 2504 sane.

482 2620 548 2653 436
575 2618 669 2663 Sapo
699 2621 727 2656 C
816 2621 880 2654 437
911 2620 1018 2653 Brobi
1045 2619 1090 2660 B,
1117 2630 1181 2654 om.
1211 2618 1238 2653 C
1325 2619 1391 2652 438
1416 2617 1546 2651 adluce
1572 2617 1607 2651 Β
1703 2618 1856 2651 440—41

372 2676 544 2711 Fortasse
570 2678 702 2711 metuis
729 2689 747 2710 a
774 2678 855 2711 foro
882 2677 1083 2720 argentarii
1111 2676 1140 2711 G
1229 2677 1294 2709 442
1320 2675 1633 2709 circumuortetur
1658 2673 1693 2708 Β
1794 2675 1861 2707 443

372 2734 455 2768 Abii
482 2738 620 2768 straota
647 2734 763 2767 uersis
789 2733 832 2775 B,
860 2734 952 2767 abiis
978 2738 1079 2767 tacta
1105 2734 1222 2767 noi-sis
1251 2734 1278 2765 (J
1397 2734 1463 2765 444
1488 2731 1604 2764 Adest
1629 2732 1697 2765 ista
1722 2731 1800 2765 haec
1825 2729 1860 2764 Β

369 2793 436 2825 445
462 2796 582 2825 ortum
610 2790 643 2823 Β
