2009 3218
379 248 454 287 102
1055 242 1175 276 Plauti
1491 240 1522 283 Ι,
1548 241 1579 283 5,
1604 240 1744 281 23—11,
1775 240 1858 282 1,.6

485 367 804 410 Misericordior
836 367 954 408 nulla
986 382 1051 409 me
1083 372 1147 409 est
1177 367 1442 408 feminarum.
1792 377 1858 410 280

487 439 573 482 Sed
601 439 709 481 haec
739 452 952 493 pauperes
982 453 1050 480 res
1083 443 1183 480 sunt
1213 439 1464 491 inopesque,
1498 436 1680 490 puellae.

488 512 668 565 Egomet
698 512 770 552 uix
800 511 936 552 uitam
968 510 1084 562 colo,
1116 509 1271 551 Ueneri
1305 508 1401 550 cibo
1434 521 1527 549 meo
1559 508 1714 549 seruio.

966 612 1270 663 Ampelisca

488 684 669 726 Ueneris
701 682 860 733 fanum,
894 684 1085 732 obsecro,
1116 683 1198 723 hoc
1231 682 1326 723 est‘?

990 786 1247 826 Sacerdos

1380 855 1550 897 Fateor.

491 930 581 982 Ego
616 929 743 970 huius
774 928 863 970 fani
895 928 1097 969 sacerdos
1130 927 1264 969 clueo.

489 1001 650 1043 Uerum
682 1000 896 1054 quidquid
929 1004 1006 1051 est,
1037 1000 1216 1041 comiter
1245 998 1321 1040 fiet
1351 1013 1377 1040 a
1407 1013 1486 1048 me,
1796 1009 1862 1042 285

606 1071 697 1122 Quo
729 1085 842 1114 nunc
874 1072 998 1125 copia
1028 1071 1206 1113 ualebit.

489 1145 554 1187 Ite
585 1145 666 1186 hac
696 1157 875 1186 mecum.

984 1238 1258 1280 Palaestra

906 1311 1051 1352 Amice
1084 1310 1350 1364 benigneque
1380 1309 1598 1361 honorem,

610 1383 762 1434 Mater,
794 1387 992 1425 nostrum
1022 1382 1169 1424 habes.

999 1485 1061 1526 Sa
1073 1498 1152 1525 cer
1164 1487 1254 1526 (los

1249 1555 1443 1610 Oportet.

934 1927 1032 1970 PIS
1039 1928 1320 1970 CATORES.

386 2041 595 2084 Omnibus
628 2042 765 2084 modis
805 2032 879 2096 qui
911 2056 1124 2096 pauperes
1165 2047 1263 2084 sunt
1294 2043 1487 2083 homines
1526 2042 1669 2083 miseri
1703 2042 1867 2091 uiuont‚

384 2114 644 2155 Praesertim
686 2113 843 2167 quibus
881 2127 961 2155 nec
1009 2119 1212 2167 quaestus
1259 2118 1326 2157 est
1369 2127 1449 2155 nec
1496 2117 1633 2155 artem
1679 2113 1868 2155 didicere

1330 2185 1476 2228 ullam.
1803 2196 1869 2230 290

385 2258 672 2307 Necessitate,
704 2257 918 2311 quidquid
949 2263 1026 2309 est,
1061 2258 1173 2300 domi
1205 2259 1247 2300 id
1280 2263 1347 2299 sat
1377 2261 1442 2299 est
1472 2257 1731 2300 habendum.

386 2331 472 2372 Nos
503 2330 588 2370 iam
620 2328 671 2369 de
704 2334 859 2370 ornatu
893 2331 1203 2384 propemodum
1235 2336 1282 2372 ut
1312 2330 1551 2383 locupletes
1578 2331 1711 2372 simus
1736 2331 1866 2373 scitis.

388 2401 517 2443 Hisce
549 2400 665 2442 hami
699 2404 829 2453 atque
861 2401 968 2443 haec
998 2402 1264 2444 harundines
1306 2407 1407 2444 sunt
1445 2401 1570 2443 nobis
1612 2407 1794 2456 quaestu
1826 2406 1868 2445 et

1331 2474 1462 2515 cultu.

394 2544 554 2587 Cotidie
586 2558 635 2585 ex
667 2544 774 2586 urbe
805 2545 859 2586 ad
891 2559 1008 2587 mare
1040 2546 1124 2587 huc
1157 2546 1377 2600 prodimus
1410 2545 1676 2600 pabulatum.

502 2705 565 2737 281
593 2714 649 2736 res
675 2712 740 2736 om.
770 2701 797 2736 O
931 2704 998 2736 282
1022 2704 1137 2737 ueniri
1276 2704 1420 2738 seruiuo
1553 2704 1618 2737 285
1643 2704 1814 2738 comitem
1842 2702 1872 2739 0

391 2761 456 2795 286
481 2771 555 2793 non
584 2759 612 2794 Ο
682 2759 767 2792 “29Ο
793 2758 954 2793 didicere
982 2764 1095 2794 arteni
1191 2762 1252 2795 291
1281 2761 1310 2794 it
1402 2761 1466 2794 293
1491 2760 1558 2794 Hic
1583 2766 1673 2794 cena
1698 2760 1708 2793 i
1732 2759 1778 2802 B,
1804 2759 1867 2794 His

391 2827 518 2852 cenam
545 2815 575 2851 C
663 2815 908 2849 hearundines
933 2814 968 2849 B
1066 2817 1131 2850 294
1156 2821 1238 2851 ante
1264 2828 1308 2851 ex
1333 2818 1465 2851 lacuna
