<?xml version="1.0" encoding="UTF-8"?>
<!DOCTYPE html PUBLIC "-//W3C//DTD XHTML 1.0 Transitional//EN"
    "http://www.w3.org/TR/xhtml1/DTD/xhtml1-transitional.dtd">
<html xmlns="http://www.w3.org/1999/xhtml" xml:lang="en" lang="en">
 <head>
  <title>
</title>
<meta http-equiv="Content-Type" content="text/html;charset=utf-8" />
  <meta name='ocr-system' content='tesseract 3.04.00' />
  <meta name='ocr-capabilities' content='ocr_page ocr_carea ocr_par ocr_line ocrx_word'/>
</head>
<body>
  <div class='ocr_page' id='page_1' title='image "./comoediaerecensu05plauuoft_0185.png"; bbox 0 0 2009 3218; ppageno 0'>
   <div class='ocr_carea' id='block_1_1' title="bbox 0 0 188 3218">
    <p class='ocr_par' dir='ltr' id='par_1_1' title="bbox 0 0 188 3218">
     <span class='ocr_line' id='line_1_1' title="bbox 0 0 94 375; baseline 0 -87"><span class='ocrx_word' id='word_1_1' title='bbox 0 0 94 375; x_wconf 95' lang='lat' dir='ltr'>   </span> 
     </span>
     <span class='ocr_line' id='line_1_2' title="bbox 0 375 68 823; baseline 0 0"><span class='ocrx_word' id='word_1_2' title='bbox 0 375 68 823; x_wconf 95' lang='lat' dir='ltr'>  </span> 
     </span>
     <span class='ocr_line' id='line_1_3' title="bbox 0 823 76 1134; baseline 0 0"><span class='ocrx_word' id='word_1_3' title='bbox 0 823 76 1134; x_wconf 95' lang='lat' dir='ltr'>   </span> 
     </span>
     <span class='ocr_line' id='line_1_4' title="bbox 0 1134 84 1535; baseline 0 0"><span class='ocrx_word' id='word_1_4' title='bbox 0 1134 84 1535; x_wconf 95' lang='lat' dir='ltr'>  </span> 
     </span>
     <span class='ocr_line' id='line_1_5' title="bbox 0 1535 92 1996; baseline 0 -142"><span class='ocrx_word' id='word_1_5' title='bbox 0 1535 92 1996; x_wconf 95' lang='lat' dir='ltr'>    </span> 
     </span>
     <span class='ocr_line' id='line_1_6' title="bbox 0 1996 108 2298; baseline 0 0"><span class='ocrx_word' id='word_1_6' title='bbox 0 1996 108 2298; x_wconf 95' lang='lat' dir='ltr'>    </span> 
     </span>
     <span class='ocr_line' id='line_1_7' title="bbox 0 2298 120 2480; baseline 0 0"><span class='ocrx_word' id='word_1_7' title='bbox 0 2298 120 2480; x_wconf 95' lang='lat' dir='ltr'>  </span> 
     </span>
     <span class='ocr_line' id='line_1_8' title="bbox 0 2480 188 3218; baseline 0 -459"><span class='ocrx_word' id='word_1_8' title='bbox 0 2480 188 3218; x_wconf 95' lang='lat' dir='ltr'>    </span> 
     </span>
    </p>
   </div>
   <div class='ocr_carea' id='block_1_2' title="bbox 165 172 1665 247">
    <p class='ocr_par' dir='ltr' id='par_1_2' title="bbox 165 172 1665 247">
     <span class='ocr_line' id='line_1_9' title="bbox 165 172 1665 247; baseline 0.001 -8"><span class='ocrx_word' id='word_1_9' title='bbox 165 203 210 245; x_wconf 82' lang='lat' dir='ltr'>V,</span> <span class='ocrx_word' id='word_1_10' title='bbox 235 204 269 247; x_wconf 67' lang='grc' dir='ltr'>Β,</span> <span class='ocrx_word' id='word_1_11' title='bbox 294 203 432 238; x_wconf 75' lang='grc'><strong>47-67</strong></span> <span class='ocrx_word' id='word_1_12' title='bbox 844 172 1002 238; x_wconf 70' lang='lat' dir='ltr'>Rudens.</span> <span class='ocrx_word' id='word_1_13' title='bbox 1585 205 1665 245; x_wconf 83' lang='grc'><strong>179</strong></span> 
     </span>
    </p>
   </div>
   <div class='ocr_carea' id='block_1_3' title="bbox 164 327 1115 444">
    <p class='ocr_par' dir='ltr' id='par_1_3' title="bbox 164 327 1115 444">
     <span class='ocr_line' id='line_1_10' title="bbox 816 327 1016 380; baseline -0.005 -10"><span class='ocrx_word' id='word_1_14' title='bbox 816 327 1016 380; x_wconf 74' lang='lat' dir='ltr'>Gripus</span> 
     </span>
     <span class='ocr_line' id='line_1_11' title="bbox 164 398 1115 444; baseline -0.004 0"><span class='ocrx_word' id='word_1_15' title='bbox 164 401 247 444; x_wconf 90' lang='lat' dir='ltr'>Per</span> <span class='ocrx_word' id='word_1_16' title='bbox 277 400 487 444; x_wconf 82' lang='lat' dir='ltr'>Uenerem</span> <span class='ocrx_word' id='word_1_17' title='bbox 520 400 631 443; x_wconf 80' lang='lat' dir='ltr'>hanc</span> <span class='ocrx_word' id='word_1_18' title='bbox 661 400 893 443; x_wconf 79' lang='lat' dir='ltr'>iurandum</span> <span class='ocrx_word' id='word_1_19' title='bbox 925 404 991 441; x_wconf 74' lang='lat' dir='ltr'>est</span> <span class='ocrx_word' id='word_1_20' title='bbox 1022 398 1115 441; x_wconf 87' lang='lat' dir='ltr'>tibi.</span> 
     </span>
    </p>
   </div>
   <div class='ocr_carea' id='block_1_4' title="bbox 168 500 1667 1483">
    <p class='ocr_par' dir='ltr' id='par_1_4' title="bbox 168 500 1667 1483">
     <span class='ocr_line' id='line_1_12' title="bbox 808 500 1020 544; baseline -0.005 -1"><span class='ocrx_word' id='word_1_21' title='bbox 808 500 1020 544; x_wconf 73' lang='lat' dir='ltr'>Labrax</span> 
     </span>
     <span class='ocr_line' id='line_1_13' title="bbox 1055 571 1367 623; baseline -0.003 -8"><span class='ocrx_word' id='word_1_22' title='bbox 1055 571 1166 623; x_wconf 85' lang='lat' dir='ltr'><strong>Quid</strong></span> <span class='ocrx_word' id='word_1_23' title='bbox 1197 573 1367 615; x_wconf 76' lang='lat' dir='ltr'>iurem?</span> 
     </span>
     <span class='ocr_line' id='line_1_14' title="bbox 819 651 1572 705; baseline -0.001 -9"><span class='ocrx_word' id='word_1_24' title='bbox 819 651 1018 705; x_wconf 76' lang='lat' dir='ltr'>Gripus</span> <span class='ocrx_word' id='word_1_25' title='bbox 1569 691 1572 695; x_wconf 89' lang='lat'>.</span> 
     </span>
     <span class='ocr_line' id='line_1_15' title="bbox 1329 708 1664 760; baseline -0.006 -10"><span class='ocrx_word' id='word_1_26' title='bbox 1329 708 1456 760; x_wconf 84' lang='lat' dir='ltr'>Quod</span> <span class='ocrx_word' id='word_1_27' title='bbox 1488 708 1664 751; x_wconf 83' lang='lat' dir='ltr'>iubebo.</span> 
     </span>
     <span class='ocr_line' id='line_1_16' title="bbox 812 781 1025 824; baseline -0.005 0"><span class='ocrx_word' id='word_1_28' title='bbox 812 781 1025 824; x_wconf 78' lang='lat' dir='ltr'><strong><em>Labrax</em></strong></span> 
     </span>
     <span class='ocr_line' id='line_1_17' title="bbox 168 852 1667 910; baseline -0.001 -14"><span class='ocrx_word' id='word_1_29' title='bbox 168 854 296 896; x_wconf 73' lang='lat' dir='ltr'>Praei</span> <span class='ocrx_word' id='word_1_30' title='bbox 326 854 473 897; x_wconf 86' lang='lat' dir='ltr'>uerbis</span> <span class='ocrx_word' id='word_1_31' title='bbox 507 854 703 909; x_wconf 80' lang='lat' dir='ltr'>quiduis3</span> <span class='ocrx_word' id='word_1_32' title='bbox 737 853 855 908; x_wconf 91' lang='lat' dir='ltr'>quod</span> <span class='ocrx_word' id='word_1_33' title='bbox 880 854 995 895; x_wconf 86' lang='lat' dir='ltr'>domi</span> <span class='ocrx_word' id='word_1_34' title='bbox 1021 858 1100 910; x_wconf 73' lang='lat' dir='ltr'>est,</span> <span class='ocrx_word' id='word_1_35' title='bbox 1134 865 1370 906; x_wconf 85' lang='lat' dir='ltr'><strong>numquam</strong></span> <span class='ocrx_word' id='word_1_36' title='bbox 1394 852 1470 894; x_wconf 90' lang='lat' dir='ltr'>ulli</span> <span class='ocrx_word' id='word_1_37' title='bbox 1498 852 1667 907; x_wconf 90' lang='lat' dir='ltr'>suppli-</span> 
     </span>
     <span class='ocr_line' id='line_1_18' title="bbox 1192 923 1315 967; baseline 0 -1"><span class='ocrx_word' id='word_1_38' title='bbox 1192 923 1315 967; x_wconf 80' lang='lat' dir='ltr'>cabo.</span> 
     </span>
     <span class='ocr_line' id='line_1_19' title="bbox 821 996 1023 1050; baseline -0.005 -11"><span class='ocrx_word' id='word_1_39' title='bbox 821 996 1023 1050; x_wconf 71' lang='lat' dir='ltr'>Gripus</span> 
     </span>
     <span class='ocr_line' id='line_1_20' title="bbox 169 1070 588 1113; baseline -0.002 -1"><span class='ocrx_word' id='word_1_40' title='bbox 169 1070 282 1113; x_wconf 90' lang='lat' dir='ltr'>Tene</span> <span class='ocrx_word' id='word_1_41' title='bbox 314 1084 433 1112; x_wconf 84' lang='lat' dir='ltr'>aram</span> <span class='ocrx_word' id='word_1_42' title='bbox 465 1070 588 1112; x_wconf 85' lang='lat' dir='ltr'>hanc.</span> 
     </span>
     <span class='ocr_line' id='line_1_21' title="bbox 812 1139 1022 1183; baseline 0.005 -1"><span class='ocrx_word' id='word_1_43' title='bbox 812 1139 1022 1183; x_wconf 77' lang='lat' dir='ltr'><strong><em>Labrax</em></strong></span> 
     </span>
     <span class='ocr_line' id='line_1_22' title="bbox 605 1214 762 1256; baseline -0.006 0"><span class='ocrx_word' id='word_1_44' title='bbox 605 1214 762 1256; x_wconf 87' lang='lat' dir='ltr'>Teneo.</span> 
     </span>
     <span class='ocr_line' id='line_1_23' title="bbox 814 1284 1020 1337; baseline -0.005 -9"><span class='ocrx_word' id='word_1_45' title='bbox 814 1284 1020 1337; x_wconf 68' lang='lat' dir='ltr'>Gripus</span> 
     </span>
     <span class='ocr_line' id='line_1_24' title="bbox 799 1355 1661 1411; baseline -0.002 -13"><span class='ocrx_word' id='word_1_46' title='bbox 799 1357 957 1398; x_wconf 82' lang='lat' dir='ltr'>Deiera</span> <span class='ocrx_word' id='word_1_47' title='bbox 988 1363 1031 1399; x_wconf 84' lang='lat' dir='ltr'>te</span> <span class='ocrx_word' id='word_1_48' title='bbox 1063 1357 1168 1399; x_wconf 88' lang='lat' dir='ltr'>mihi</span> <span class='ocrx_word' id='word_1_49' title='bbox 1199 1359 1428 1411; x_wconf 78' lang='lat' dir='ltr'>argentum</span> <span class='ocrx_word' id='word_1_50' title='bbox 1459 1355 1661 1397; x_wconf 81' lang='lat' dir='ltr'>daturum</span> 
     </span>
     <span class='ocr_line' id='line_1_25' title="bbox 169 1429 1087 1483; baseline -0.001 -12"><span class='ocrx_word' id='word_1_51' title='bbox 169 1429 334 1472; x_wconf 89' lang='lat' dir='ltr'>Eodem</span> <span class='ocrx_word' id='word_1_52' title='bbox 366 1429 434 1472; x_wconf 89' lang='lat' dir='ltr'>die</span> <span class='ocrx_word' id='word_1_53' title='bbox 467 1433 512 1471; x_wconf 78' lang='lat' dir='ltr'>tu</span> <span class='ocrx_word' id='word_1_54' title='bbox 541 1429 680 1472; x_wconf 89' lang='lat' dir='ltr'>uiduli</span> <span class='ocrx_word' id='word_1_55' title='bbox 710 1429 786 1472; x_wconf 92' lang='lat' dir='ltr'>ubi</span> <span class='ocrx_word' id='word_1_56' title='bbox 817 1430 876 1471; x_wconf 88' lang='lat' dir='ltr'>sis</span> <span class='ocrx_word' id='word_1_57' title='bbox 910 1430 1087 1483; x_wconf 82' lang='lat' dir='ltr'>potitus.</span> 
     </span>
    </p>
   </div>
   <div class='ocr_carea' id='block_1_5' title="bbox 812 1531 1262 1646">
    <p class='ocr_par' dir='ltr' id='par_1_5' title="bbox 812 1531 1262 1646">
     <span class='ocr_line' id='line_1_26' title="bbox 812 1531 1022 1574; baseline -0.005 0"><span class='ocrx_word' id='word_1_58' title='bbox 812 1531 1022 1574; x_wconf 72' lang='lat' dir='ltr'><strong><em>Labrax</em></strong></span> 
     </span>
     <span class='ocr_line' id='line_1_27' title="bbox 1147 1603 1262 1646; baseline 0 -1"><span class='ocrx_word' id='word_1_59' title='bbox 1147 1603 1262 1646; x_wconf 79' lang='lat' dir='ltr'>Fiat.</span> 
     </span>
    </p>
   </div>
   <div class='ocr_carea' id='block_1_6' title="bbox 20 1698 1672 2041">
    <p class='ocr_par' dir='ltr' id='par_1_6' title="bbox 685 1698 1153 1753">
     <span class='ocr_line' id='line_1_28' title="bbox 685 1698 1153 1753; baseline 0 -12"><span class='ocrx_word' id='word_1_60' title='bbox 685 1698 880 1753; x_wconf 78' lang='lat' dir='ltr'>Gripus</span> <span class='ocrx_word' id='word_1_61' title='bbox 938 1699 1153 1742; x_wconf 78' lang='lat' dir='ltr'><strong><em>Labrax</em></strong></span> 
     </span>
    </p>

    <p class='ocr_par' dir='ltr' id='par_1_7' title="bbox 20 1763 1672 1898">
     <span class='ocr_line' id='line_1_29' title="bbox 20 1763 1672 1826; baseline 0.001 -14"><span class='ocrx_word' id='word_1_62' title='bbox 20 1763 26 1804; x_wconf 63' lang='lat'>³¹-</span> <span class='ocrx_word' id='word_1_63' title='bbox 95 1814 98 1815; x_wconf 17' lang='lat'><em>⁷</em></span> <span class='ocrx_word' id='word_1_64' title='bbox 175 1769 320 1813; x_wconf 89' lang='lat' dir='ltr'>Uenus</span> <span class='ocrx_word' id='word_1_65' title='bbox 351 1769 622 1826; x_wconf 82' lang='lat' dir='ltr'>Cyrenensis,</span> <span class='ocrx_word' id='word_1_66' title='bbox 653 1775 812 1814; x_wconf 80' lang='lat' dir='ltr'>testem</span> <span class='ocrx_word' id='word_1_67' title='bbox 843 1778 886 1813; x_wconf 81' lang='lat' dir='ltr'>te</span> <span class='ocrx_word' id='word_1_68' title='bbox 917 1777 1058 1814; x_wconf 78' lang='lat' dir='ltr'>testor</span> <span class='ocrx_word' id='word_1_69' title='bbox 1089 1771 1207 1822; x_wconf 89' lang='lat' dir='ltr'>mihi,</span> <span class='ocrx_word' id='word_1_70' title='bbox 1394 1808 1399 1813; x_wconf 92' lang='lat'><em>.</em></span> <span class='ocrx_word' id='word_1_71' title='bbox 1585 1779 1672 1814; x_wconf 87' lang='grc'><strong>1325</strong></span> 
     </span>
     <span class='ocr_line' id='line_1_30' title="bbox 20 1841 1304 1898; baseline -0.003 -11"><span class='ocrx_word' id='word_1_72' title='bbox 20 1849 25 1866; x_wconf 87' lang='grc'>“·</span> <span class='ocrx_word' id='word_1_73' title='bbox 90 1883 94 1887; x_wconf 92' lang='grc'><em>.</em></span> <span class='ocrx_word' id='word_1_74' title='bbox 171 1842 215 1884; x_wconf 87' lang='lat' dir='ltr'>Si</span> <span class='ocrx_word' id='word_1_75' title='bbox 246 1842 442 1885; x_wconf 82' lang='lat' dir='ltr'>nidulum</span> <span class='ocrx_word' id='word_1_76' title='bbox 471 1842 605 1893; x_wconf 86' lang='lat' dir='ltr'>illum,</span> <span class='ocrx_word' id='word_1_77' title='bbox 637 1856 763 1896; x_wconf 85' lang='lat' dir='ltr'>quem</span> <span class='ocrx_word' id='word_1_78' title='bbox 797 1857 874 1897; x_wconf 86' lang='lat' dir='ltr'>ego</span> <span class='ocrx_word' id='word_1_79' title='bbox 905 1844 950 1884; x_wconf 84' lang='lat' dir='ltr'>in·</span> <span class='ocrx_word' id='word_1_80' title='bbox 980 1844 1082 1885; x_wconf 88' lang='lat' dir='ltr'>naui</span> <span class='ocrx_word' id='word_1_81' title='bbox 1114 1841 1304 1898; x_wconf 87' lang='lat' dir='ltr'>perdidi,</span> 
     </span>
    </p>

    <p class='ocr_par' dir='ltr' id='par_1_8' title="bbox 171 1912 1358 1968">
     <span class='ocr_line' id='line_1_31' title="bbox 171 1912 1358 1968; baseline 0 -12"><span class='ocrx_word' id='word_1_82' title='bbox 171 1912 279 1956; x_wconf 89' lang='lat' dir='ltr'>Cum</span> <span class='ocrx_word' id='word_1_83' title='bbox 310 1928 419 1957; x_wconf 90' lang='lat' dir='ltr'>auro</span> <span class='ocrx_word' id='word_1_84' title='bbox 451 1919 584 1968; x_wconf 83' lang='lat' dir='ltr'>atque</span> <span class='ocrx_word' id='word_1_85' title='bbox 615 1922 796 1968; x_wconf 77' lang='lat' dir='ltr'>argento</span> <span class='ocrx_word' id='word_1_86' title='bbox 828 1915 996 1957; x_wconf 84' lang='lat' dir='ltr'>saluom</span> <span class='ocrx_word' id='word_1_87' title='bbox 1028 1915 1358 1966; x_wconf 81' lang='lat' dir='ltr'>inuestigauero</span> 
     </span>
    </p>

    <p class='ocr_par' dir='ltr' id='par_1_9' title="bbox 171 1985 1134 2041">
     <span class='ocr_line' id='line_1_32' title="bbox 171 1985 1134 2041; baseline 0.001 -14"><span class='ocrx_word' id='word_1_88' title='bbox 171 1985 298 2040; x_wconf 88' lang='lat' dir='ltr'>Isque</span> <span class='ocrx_word' id='word_1_89' title='bbox 328 1987 373 2028; x_wconf 90' lang='lat' dir='ltr'>in</span> <span class='ocrx_word' id='word_1_90' title='bbox 405 1991 664 2041; x_wconf 77' lang='lat' dir='ltr'>potestatem</span> <span class='ocrx_word' id='word_1_91' title='bbox 700 2000 838 2028; x_wconf 89' lang='lat' dir='ltr'>meam</span> <span class='ocrx_word' id='word_1_92' title='bbox 870 1987 1134 2041; x_wconf 83' lang='lat' dir='ltr'>peruenerit,</span> 
     </span>
    </p>
   </div>
   <div class='ocr_carea' id='block_1_7' title="bbox 172 2088 1292 2216">
    <p class='ocr_par' dir='ltr' id='par_1_10' title="bbox 172 2088 1292 2216">
     <span class='ocr_line' id='line_1_33' title="bbox 826 2088 1024 2131; baseline -0.005 0"><span class='ocrx_word' id='word_1_93' title='bbox 826 2088 921 2131; x_wconf 67' lang='lat' dir='ltr'>Gra·</span> <span class='ocrx_word' id='word_1_94' title='bbox 943 2102 1024 2131; x_wconf 71' lang='lat' dir='ltr'>ius</span> 
     </span>
     <span class='ocr_line' id='line_1_34' title="bbox 172 2104 1292 2216; baseline 0 -14"><span class='ocrx_word' id='word_1_95' title='bbox 172 2159 281 2202; x_wconf 90' lang='lat' dir='ltr'>Tum</span> <span class='ocrx_word' id='word_1_96' title='bbox 311 2174 390 2213; x_wconf 85' lang='lat' dir='ltr'>ego</span> <span class='ocrx_word' id='word_1_97' title='bbox 422 2161 523 2203; x_wconf 89' lang='lat' dir='ltr'>huic</span> <span class='ocrx_word' id='word_1_98' title='bbox 554 2161 702 2216; x_wconf 88' lang='lat' dir='ltr'>Gripo,</span> <span class='ocrx_word' id='word_1_99' title='bbox 733 2163 900 2215; x_wconf 83' lang='lat' dir='ltr'>inquito</span> <span class='ocrx_word' id='word_1_100' title='bbox 925 2104 976 2203; x_wconf 56' lang='lat' dir='ltr'>let</span> <span class='ocrx_word' id='word_1_101' title='bbox 1008 2175 1074 2203; x_wconf 89' lang='lat' dir='ltr'>me</span> <span class='ocrx_word' id='word_1_102' title='bbox 1104 2161 1292 2214; x_wconf 81' lang='lat' dir='ltr'>tangito,</span> 
     </span>
    </p>
   </div>
   <div class='ocr_carea' id='block_1_8' title="bbox 174 2262 1678 2390">
    <p class='ocr_par' dir='ltr' id='par_1_11' title="bbox 174 2262 1678 2390">
     <span class='ocr_line' id='line_1_35' title="bbox 816 2262 1021 2306; baseline 0.005 -2"><span class='ocrx_word' id='word_1_103' title='bbox 816 2262 1021 2306; x_wconf 77' lang='lat' dir='ltr'><strong><em>Labrax</em></strong></span> 
     </span>
     <span class='ocr_line' id='line_1_36' title="bbox 174 2333 1678 2390; baseline 0.001 -14"><span class='ocrx_word' id='word_1_104' title='bbox 174 2334 281 2377; x_wconf 89' lang='lat' dir='ltr'>Tum</span> <span class='ocrx_word' id='word_1_105' title='bbox 315 2349 394 2389; x_wconf 85' lang='lat' dir='ltr'>ego</span> <span class='ocrx_word' id='word_1_106' title='bbox 426 2334 527 2376; x_wconf 87' lang='lat' dir='ltr'>huic</span> <span class='ocrx_word' id='word_1_107' title='bbox 559 2334 707 2390; x_wconf 84' lang='lat' dir='ltr'>Gripo,</span> <span class='ocrx_word' id='word_1_108' title='bbox 741 2335 850 2382; x_wconf 86' lang='lat' dir='ltr'>dico,</span> <span class='ocrx_word' id='word_1_109' title='bbox 884 2335 1042 2387; x_wconf 88' lang='lat' dir='ltr'>Uenus,</span> <span class='ocrx_word' id='word_1_110' title='bbox 1073 2340 1123 2378; x_wconf 80' lang='lat' dir='ltr'>ut</span> <span class='ocrx_word' id='word_1_111' title='bbox 1152 2339 1200 2376; x_wconf 80' lang='lat' dir='ltr'>tu</span> <span class='ocrx_word' id='word_1_112' title='bbox 1231 2333 1410 2383; x_wconf 83' lang='lat' dir='ltr'>audias,</span> <span class='ocrx_word' id='word_1_113' title='bbox 1590 2343 1678 2377; x_wconf 84' lang='lat'>1330</span> 
     </span>
    </p>
   </div>
   <div class='ocr_carea' id='block_1_9' title="bbox 109 2436 1304 2562">
    <p class='ocr_par' dir='ltr' id='par_1_12' title="bbox 109 2436 1304 2562">
     <span class='ocr_line' id='line_1_37' title="bbox 695 2436 1304 2497; baseline -0.002 -18"><span class='ocrx_word' id='word_1_114' title='bbox 695 2436 895 2490; x_wconf 74' lang='lat' dir='ltr'>Gripus</span> <span class='ocrx_word' id='word_1_115' title='bbox 954 2436 1162 2479; x_wconf 75' lang='lat' dir='ltr'><strong><em>Labrax</em></strong></span> <span class='ocrx_word' id='word_1_116' title='bbox 1300 2495 1304 2497; x_wconf 16' lang='grc' dir='ltr'><em>Β</em></span> 
     </span>
     <span class='ocr_line' id='line_1_38' title="bbox 109 2507 1238 2562; baseline 0 -13"><span class='ocrx_word' id='word_1_117' title='bbox 109 2510 115 2514; x_wconf 82' lang='grc'><strong>”</strong></span> <span class='ocrx_word' id='word_1_118' title='bbox 175 2507 404 2551; x_wconf 78' lang='lat' dir='ltr'>Talentum</span> <span class='ocrx_word' id='word_1_119' title='bbox 436 2510 605 2562; x_wconf 85' lang='lat' dir='ltr'>argenti</span> <span class='ocrx_word' id='word_1_120' title='bbox 640 2522 838 2562; x_wconf 86' lang='lat' dir='ltr'>magnum</span> <span class='ocrx_word' id='word_1_121' title='bbox 871 2510 1078 2551; x_wconf 82' lang='lat' dir='ltr'>continuo</span> <span class='ocrx_word' id='word_1_122' title='bbox 1111 2508 1238 2550; x_wconf 85' lang='lat' dir='ltr'>dabo.</span> 
     </span>
    </p>
   </div>
   <div class='ocr_carea' id='block_1_10' title="bbox 181 2611 448 2617">
    <p class='ocr_par' dir='ltr' id='par_1_13' title="bbox 181 2611 448 2617">
     <span class='ocr_line' id='line_1_39' title="bbox 181 2611 448 2617; baseline 0 0"><span class='ocrx_word' id='word_1_123' title='bbox 181 2611 448 2617; x_wconf 95' lang='lat' dir='ltr'> </span> 
     </span>
    </p>
   </div>
   <div class='ocr_carea' id='block_1_11' title="bbox 181 2663 1678 2822">
    <p class='ocr_par' dir='ltr' id='par_1_14' title="bbox 181 2663 1678 2822">
     <span class='ocr_line' id='line_1_40' title="bbox 292 2663 1678 2711; baseline -0.003 -10"><span class='ocrx_word' id='word_1_124' title='bbox 292 2668 377 2702; x_wconf 86' lang='grc'><strong>1321</strong></span> <span class='ocrx_word' id='word_1_125' title='bbox 403 2667 513 2702; x_wconf 83' lang='lat' dir='ltr'>iubeo</span> <span class='ocrx_word' id='word_1_126' title='bbox 539 2666 570 2702; x_wconf 83' lang='lat'><em>0</em></span> <span class='ocrx_word' id='word_1_127' title='bbox 673 2667 760 2701; x_wconf 86' lang='grc'><strong>1322</strong></span> <span class='ocrx_word' id='word_1_128' title='bbox 785 2666 876 2700; x_wconf 84' lang='lat' dir='ltr'>Prae</span> <span class='ocrx_word' id='word_1_129' title='bbox 902 2666 946 2710; x_wconf 86' lang='grc' dir='ltr'>Β,</span> <span class='ocrx_word' id='word_1_130' title='bbox 972 2678 1038 2711; x_wconf 86' lang='lat' dir='ltr'>pre</span> <span class='ocrx_word' id='word_1_131' title='bbox 1066 2665 1095 2702; x_wconf 86' lang='lat' dir='ltr'><strong><em>G</em></strong></span> <span class='ocrx_word' id='word_1_132' title='bbox 1191 2665 1231 2700; x_wconf 84' lang='lat' dir='ltr'>id</span> <span class='ocrx_word' id='word_1_133' title='bbox 1255 2665 1367 2710; x_wconf 83' lang='lat' dir='ltr'>quod.</span> <span class='ocrx_word' id='word_1_134' title='bbox 1456 2663 1615 2708; x_wconf 88' lang='lat' dir='ltr'>numqui</span> <span class='ocrx_word' id='word_1_135' title='bbox 1642 2663 1678 2697; x_wconf 94' lang='lat' dir='ltr'><strong><em>B</em></strong></span> 
     </span>
     <span class='ocr_line' id='line_1_41' title="bbox 290 2721 1678 2765; baseline -0.003 -7"><span class='ocrx_word' id='word_1_136' title='bbox 290 2723 359 2758; x_wconf 89' lang='lat' dir='ltr'>uili</span> <span class='ocrx_word' id='word_1_137' title='bbox 462 2724 548 2759; x_wconf 81' lang='grc'><strong>1323</strong></span> <span class='ocrx_word' id='word_1_138' title='bbox 572 2722 671 2758; x_wconf 87' lang='lat' dir='ltr'>Tene</span> <span class='ocrx_word' id='word_1_139' title='bbox 696 2723 824 2757; x_wconf 80' lang='lat' dir='ltr'>haram</span> <span class='ocrx_word' id='word_1_140' title='bbox 851 2721 898 2765; x_wconf 91' lang='lat' dir='ltr'>B,</span> <span class='ocrx_word' id='word_1_141' title='bbox 923 2728 1051 2758; x_wconf 59' lang='lat' dir='ltr'>tenero</span> <span class='ocrx_word' id='word_1_142' title='bbox 1077 2722 1107 2758; x_wconf 86' lang='grc'><em>0</em></span> <span class='ocrx_word' id='word_1_143' title='bbox 1202 2722 1331 2758; x_wconf 80' lang='lat' dir='ltr'>deiura</span> <span class='ocrx_word' id='word_1_144' title='bbox 1426 2721 1515 2756; x_wconf 75' lang='lat'>1324</span> <span class='ocrx_word' id='word_1_145' title='bbox 1541 2723 1582 2755; x_wconf 77' lang='lat' dir='ltr'>tu</span> <span class='ocrx_word' id='word_1_146' title='bbox 1610 2730 1678 2755; x_wconf 88' lang='lat' dir='ltr'>om.</span> 
     </span>
     <span class='ocr_line' id='line_1_42' title="bbox 181 2778 873 2822; baseline -0.001 -9"><span class='ocrx_word' id='word_1_147' title='bbox 181 2780 267 2814; x_wconf 78' lang='lat'>1325</span> <span class='ocrx_word' id='word_1_148' title='bbox 289 2783 472 2816; x_wconf 77' lang='lat' dir='ltr'>testorem</span> <span class='ocrx_word' id='word_1_149' title='bbox 496 2782 533 2814; x_wconf 79' lang='lat' dir='ltr'>te</span> <span class='ocrx_word' id='word_1_150' title='bbox 560 2778 589 2814; x_wconf 82' lang='lat' dir='ltr'><strong><em>G</em></strong></span> <span class='ocrx_word' id='word_1_151' title='bbox 682 2779 769 2813; x_wconf 84' lang='lat'>1327</span> <span class='ocrx_word' id='word_1_152' title='bbox 796 2778 873 2822; x_wconf 63' lang='lat' dir='ltr'>Qua</span> 
     </span>
    </p>
   </div>
   <div class='ocr_carea' id='block_1_12' title="bbox 1265 2849 1404 2884">
    <p class='ocr_par' dir='ltr' id='par_1_15' title="bbox 1265 2849 1404 2884">
     <span class='ocr_line' id='line_1_43' title="bbox 1265 2849 1404 2884; baseline 0 0"><span class='ocrx_word' id='word_1_153' title='bbox 1265 2871 1270 2876; x_wconf 88' lang='lat'><em>-</em></span> <span class='ocrx_word' id='word_1_154' title='bbox 1343 2849 1404 2884; x_wconf 74' lang='lat'>12*</span> 
     </span>
    </p>
   </div>
  </div>
 </body>
</html>
