2009 3218
165 210 206 252 V,
229 213 262 254 4,
287 210 410 251 5—18,
834 206 990 241 Stichus.
1564 211 1639 249 241

754 330 1048 383 Sanqarius

168 409 272 449 bum
305 404 476 459 quidem
511 403 664 449 hercle.
697 404 878 457 quisquo
910 403 1069 450 uomet,
1112 405 1258 444 ueniat
1289 418 1384 444 cum
1418 405 1516 444 uino
1548 419 1645 454 su·›;

166 479 269 521 Nam
311 477 408 518 hinc
445 475 621 530 quidem
662 474 907 528 polluctura
953 474 1080 515 hodie
1129 480 1300 528 praeter
1346 490 1424 515 nos
1471 475 1646 516 dabitur

1109 547 1281 588 nemini.

800 626 1014 667 Stichus

167 701 340 744 Nosmet
371 700 483 740 inter
514 714 591 739 nos
624 698 914 739 ministremus
940 698 1227 752 monotrophi.
1283 699 1375 740 Hoc
1401 700 1646 740 conuiuium

1111 774 1179 810 est

167 844 245 886 Pro
271 843 421 897 opibus
446 843 607 883 nostris
632 843 738 882 satis
763 842 1032 883 commodule
1064 841 1259 888 nucibus,
1294 841 1462 890 fabulis,
1497 842 1649 893 finistis,

165 916 294 957 Oleae
327 914 553 967 interiplio,
586 914 737 968 lupillo
771 915 1033 961 comminuto,
1068 914 1273 955 crustulo.
1475 925 1478 928 ·
1581 925 1649 958 690

167 989 330 1029 Satiust
357 1001 481 1028 seruo
508 986 666 1027 homini
688 987 878 1027 modeste
896 987 1036 1027 facere
1053 991 1270 1039 sumptum
1288 1000 1415 1038 quam
1435 986 1647 1039 ampliter.

167 1060 293 1101 Suum
328 1073 540 1113 quemque
574 1059 707 1100 decet.
757 1057 920 1107 Quibus
953 1058 1132 1099 diuitiae
1164 1057 1279 1099 domi
1305 1065 1416 1105 sunt,
1448 1058 1648 1111 scaphiis,

1098 1130 1331 1179 cantharis,

170 1203 355 1244 Batiocis
387 1202 564 1251 bibunt3
596 1206 642 1243 at
672 1216 748 1243 nos
780 1206 928 1243 nostro
961 1201 1147 1243 Samiolo
1180 1203 1348 1255 poterio

167 1275 354 1316 Tametsi
380 1275 580 1318 bibimus,
613 1278 756 1316 tamen
783 1274 999 1316 ecficimus
1025 1289 1102 1328 pro
1129 1275 1284 1328 opibus
1302 1279 1451 1315 nostra
1469 1275 1650 1315 moenia.

756 1365 1059 1418 Suomarius

168 1440 254 1490 Age
287 1438 368 1488 dic,
398 1442 494 1478 uter
526 1438 669 1479 utrubi
703 1437 1045 1479 adcumbamus‘?

805 1529 1019 1571 Stichus

1030 1601 1110 1642 Abi
1144 1605 1187 1641 tu
1220 1615 1320 1641 sane
1352 1601 1562 1654 superior.
1588 1612 1654 1645 695

172 1674 310 1727 Atque
342 1673 449 1714 adeo
482 1678 529 1714 ut
560 1679 605 1714 tu
639 1674 747 1713 scire
775 1674 927 1725 possis,
960 1679 1085 1726 pacto
1111 1687 1188 1726 ego
1213 1678 1354 1714 tecum
1381 1672 1461 1713 hoc
1485 1673 1653 1714 diuido:

173 1745 294 1793 Vide,
337 1751 476 1786 utram
510 1745 586 1786 tibi
621 1745 740 1785 lubet
771 1750 901 1786 etiam
936 1759 1048 1786 nune
1079 1759 1252 1799 capere3
1299 1758 1387 1785 eam
1417 1759 1523 1798 cape
1557 1759 1652 1794 pro-

1119 1819 1318 1858 uineiam.

765 1896 1062 1949 Sanqarius

174 1967 283 2017 Quid
317 1971 428 2010 istuc
460 1974 526 2010 est
558 1969 835 2022 prouinciae‘.>

809 2059 1022 2101 Stichus

905 2132 1056 2173 Utrum
1090 2132 1270 2173 Fontine
1303 2146 1357 2173 an
1391 2132 1544 2173 Libero

175 2203 387 2258 Inperium
419 2213 460 2246 te
492 2204 686 2246 inhibere
720 2205 887 2244 mauis?

765 2296 1058 2347 Suomarius

944 2366 1085 2407 Nimio
1118 2367 1283 2420 liquido
1317 2367 1484 2410 Libero.

285 2504 350 2537 686
375 2503 498 2538 ueniet
523 2514 588 2537 mn.
693 2504 759 2537 687
784 2502 894 2536 bodie
918 2502 1122 2546 pollectura
1145 2506 1292 2546 praeter
1318 2514 1382 2538 nos
1408 2504 1549 2538 iactura

177 2560 307 2594 numiui
333 2561 479 2594 «labitur
505 2560 534 2594 C
610 2561 676 2594 688
701 2560 948 2604 monotrophe
1023 2562 1084 2593 691
1114 2559 1178 2594 Sat
1204 2566 1261 2593 est
1332 2561 1497 2595 modeste
1524 2562 1653 2595 molius

176 2616 293 2651 facere
394 2618 460 2651 692
486 2617 635 2661 scaphio
661 2622 697 2651 et
722 2617 765 2657 A,
793 2617 922 2660 caphio
948 2620 983 2650 ut
1010 2616 1076 2651 BC
1182 2617 1247 2651 693
1275 2618 1460 2652 Batiochis
1489 2617 1568 2659 AB,
1596 2619 1655 2651 ba-

177 2673 285 2708 tiohis
312 2674 341 2708 C
412 2674 518 2708 uiunt
543 2675 586 2716 A,
613 2674 735 2708 bibum
766 2673 798 2707 B
876 2673 919 2706 ad
997 2674 1062 2707 694
1088 2674 1225 2708 Tamen
1251 2675 1410 2708 uiuimus
1437 2687 1502 2708 nos
1530 2679 1652 2708 tamen

175 2729 240 2764 695
263 2731 390 2765 Amica
415 2736 496 2765 uter
572 2731 776 2764 abiitusane
803 2729 836 2763 Β
899 2731 966 2764 696
992 2731 1070 2764 nitu
1097 2730 1126 2765 C'
1192 2731 1289 2766 facto
1361 2732 1430 2765 hoc
1457 2736 1574 2766 tecum
1592 2732 1656 2765 Al)

175 2785 370 2831 697capere
394 2799 483 2832 cape
503 2787 575 2829 BC,
603 2798 732 2831 capere
759 2788 791 2820 A
882 2788 951 2821 698
976 2787 1114 2821 fontale

309 2857 344 2886 V·
1264 2873 1268 2875 ’
1311 2861 1351 2894 16
