2009 3218
339 208 420 248 258
1019 199 1142 235 Plauti
1176 197 1178 199 ·
1580 196 1607 239 1,
1631 197 1664 240 2,
1687 195 1821 234 282—43
1902 186 1927 227 ¹:
1954 199 1955 202 ¹

339 330 423 372 Sed
454 329 538 371 hoc
570 328 759 369 animum
790 326 970 368 aduorte
1002 330 1133 378 atque
1163 323 1286 365 aufer
1315 321 1578 364 ridicularia.

337 403 445 444 Nam
476 414 554 454 ego
586 398 735 441 dedita
765 410 899 452 opera
928 397 1013 439 huc
1044 397 1100 439 ad
1129 400 1174 438 te
1204 395 1345 437 uenio.

955 497 1182 541 Callicle
1190 511 1212 539 s

1422 551 1547 615 Quid
1563 551 1687 593 uenis
1698 550 1718 591 ⁴?

894 641 949 683 M
955 655 975 683 c
984 655 1011 694 y
1020 655 1042 683 α
1052 656 1075 683 r
1085 654 1107 682 o
1116 641 1170 681 ni
1180 641 1208 681 d
1217 653 1236 680 e
1244 653 1264 681 s

341 719 466 762 Malis
496 722 540 759 te
570 721 619 758 ut
648 714 795 757 uerbis
826 713 974 755 multis
1005 713 1190 754 multum
1222 711 1474 764 obiurigem.

953 807 1214 850 Callicles

343 871 473 913 Men?

894 950 1272 1004 Meyaronicles

512 1028 625 1070 Num
656 1026 752 1080 quis
785 1027 850 1066 est
878 1023 948 1064 hic
979 1022 1089 1064 alius
1120 1026 1296 1076 praeter
1326 1034 1393 1062 me
1425 1024 1555 1074 atque
1585 1019 1658 1061 te?

967 1124 1220 1167 Callicles

345 1190 480 1232 Nemo
512 1191 588 1230 est.

896 1268 1277 1322 DIcyaro‘nicles

651 1344 763 1395 Quid
793 1347 841 1385 tu
872 1342 1005 1395 igitur
1034 1341 1212 1394 rogitas,
1241 1343 1342 1381 tene
1373 1338 1643 1392 obiurigem‘?
1787 1348 1833 1382 79

346 1420 442 1461 Nisi
471 1423 520 1460 tu
549 1431 616 1459 me
648 1416 844 1458 mihimet
874 1427 1024 1455 censes
1056 1413 1270 1454 dicturum
1302 1411 1426 1453 male.

346 1492 458 1534 Nam
491 1491 527 1532 si
558 1491 601 1531 in
632 1493 676 1530 te
707 1490 935 1541 aegrotant
966 1489 1083 1527 artes
1115 1485 1321 1538 antiquae
1351 1488 1467 1534 tuae,

351 1564 446 1619 [Sin
476 1564 704 1605 immutare
736 1560 802 1601 uis
833 1558 1053 1615 ingenium
1085 1556 1278 1598 moribus

351 1638 437 1678 Aut
467 1636 504 1676 si
537 1634 765 1675 demutant
796 1644 938 1673 mores
969 1629 1187 1682 ingenium
1216 1632 1341 1670 tuum

350 1708 500 1763 Neque
532 1720 605 1747 eos
637 1705 838 1757 antiquos
871 1715 1035 1751 seruas,
1067 1705 1137 1742 ast
1166 1704 1316 1754 captas
1347 1696 1518 1751 nouos,]
1795 1707 1844 1742 ’75-
1917 1717 1927 1724 -

353 1779 564 1822 Omnibus
595 1776 745 1818 amicis
775 1773 973 1817 morbum
1005 1777 1050 1813 tu
1080 1772 1264 1813 incuties
1295 1784 1485 1824 grauem,

353 1853 414 1894 Ut
442 1857 486 1894 te
516 1850 664 1892 uidere
695 1847 933 1899 audireque
965 1845 1132 1898 aegroti
1164 1844 1290 1885 sient.

975 1946 1230 1989 Callicles
1899 1981 1910 1991 ,

282 2076 287 2081 .
358 2027 439 2078 Qui
468 2027 511 2066 in
544 2028 729 2065 mentem
762 2021 882 2062 uenit
912 2019 992 2061 tibi
1023 2020 1161 2060 istaec
1193 2018 1310 2059 dicta
1342 2017 1517 2058 dicere?

914 2125 1288 2179 Meyarovzides
1914 2094 1944 2167 -·

361 2203 471 2255 Quia
501 2201 640 2244 omnis
671 2200 809 2242 bonos
839 2199 1064 2251 bonasque
1097 2197 1307 2238 adcurare
1339 2194 1536 2245 addecet,
1909 2231 1946 2263 5

360 2275 658 2330 Suspicionem
689 2277 732 2314 et
763 2271 937 2325 culpam
967 2274 1016 2311 ut
1046 2269 1100 2311 ab
1133 2282 1177 2310 se
1209 2270 1449 2321 segregent.
1801 2273 1848 2310 80,
1907 2285 1913 2316 ;

981 2370 1235 2414 Callicles

363 2451 458 2492 Non
490 2452 636 2503 potest
666 2450 898 2500 utrumque
928 2444 1035 2485 fieri.

478 2608 522 2641 67
547 2605 705 2640 aduenio
731 2604 799 2638 Bc
923 2604 967 2638 68
992 2602 1214 2645 obiurgitem
1240 2600 1285 2641 A,
1313 2599 1506 2641 obiurgem
1531 2596 1578 2641 B,
1605 2596 1798 2639 obuirgem
1822 2580 1867 2630 θ’
1890 2580 1914 2644 ff

367 2667 411 2700 69
436 2665 542 2698 Mene
568 2663 600 2695 A
671 2661 717 2694 ad
742 2665 778 2694 te
806 2660 836 2694 0
901 2661 945 2693 70
970 2663 1009 2693 tu
1036 2669 1102 2693 om.
1125 2657 1192 2692 BG
1259 2656 1481 2699 ohim-gente
1506 2653 1552 2692 Β,
1579 2651 1801 2697 obuirgitem
1821 2648 1850 2684 0
1901 2660 1909 2677 ·

367 2724 408 2756 71
436 2724 515 2755 tute
540 2719 628 2753 mihi
654 2728 712 2751 me
736 2716 803 2751 BG
904 2717 948 2750 72
974 2716 1122 2759 aniique
1145 2713 1213 2750 BC
1306 2714 1348 2747 '73
1374 2722 1437 2747 om.
1465 2711 1497 2744 A
1597 2710 1642 2744 75
1665 2718 1791 2743 seruos
1814 2704 1848 2740 Δ.
1893 2729 1908 2754 ,

368 2779 411 2812 76
436 2777 608 2811 inculties
634 2775 677 2817 A,
704 2774 865 2808 incucies
890 2773 925 2807 B
1018 2774 1062 2806 SO
1086 2783 1173 2815 apse
1198 2769 1232 2804 B
1894 2766 1910 2794 Ἰ
