2009 3218
307 227 383 266 195
984 224 1104 259 Plauti
1573 225 1599 267 1.¹
1625 227 1656 271 2,
1686 229 1795 262 1-—14

740 439 815 483 ΑΝ
819 439 1003 482 ΤΙΡΗΟ.
1064 440 1143 482 MU
1153 440 1366 483 LIERES.

928 565 1166 618 Antipho

302 635 383 685 Qui
416 640 562 677 manet
592 639 641 676 ut
671 640 898 677 moneatur
931 650 1101 690 semper
1125 650 1272 678 seruos
1299 637 1425 679 homo
1454 637 1643 680 officium
1670 652 1795 680 suum

300 707 390 748 Nee
428 706 653 748 uoluntate
691 707 735 748 id
773 706 915 749 faeere
957 708 1171 759 meminit,
1220 722 1369 750 seruos
1407 709 1443 751 is
1483 709 1637 751 habitu
1678 710 1796 752 haud

1251 780 1443 834 probust.

300 850 387 892 Uos
418 850 676 892 meministis
707 855 814 905 quot
845 850 1036 893 calendis
1067 856 1214 905 petere
1247 852 1497 894 demensum
1529 852 1694 905 cibum,

301 921 384 971 Qui
415 922 555 964 minus
588 922 841 964 meministis
873 922 990 976 quod
1022 927 1153 977 opust
1183 923 1300 965 facto
1332 923 1476 965 faeere
1507 924 1551 965 in
1583 924 1797 967 aedibus?

299 993 392 1034 Iam
423 994 595 1046 quidem
626 994 669 1035 in
703 1008 780 1036 suo
814 995 997 1048 quicque
1038 994 1133 1036 loco
1173 996 1256 1036 nisi
1296 995 1380 1036 erit
1417 995 1522 1036 mihi
1564 997 1695 1037 situm
1728 1011 1797 1054 su-

1252 1066 1497 1120 pellectilis,
1753 1079 1798 1112 65

301 1136 439 1186 Quom
464 1151 544 1190 ego
569 1142 782 1188 reuortar,
815 1151 892 1179 uos
918 1139 1191 1180 monimentis
1217 1137 1583 1180 conmonefaciam
1608 1138 1796 1181 bubulis.

304 1208 400 1250 Non
431 1209 628 1251 homines
659 1208 859 1250 habitare
891 1223 1058 1251 meeum
1092 1210 1197 1252 mihi
1228 1210 1445 1261 uidentur,
1477 1210 1551 1252 sed
1584 1225 1695 1252 sues.

299 1280 448 1322 Facite
466 1280 592 1322 sultis
610 1281 776 1322 nitidae
795 1285 842 1322 ut
860 1281 988 1323 aedes
1006 1296 1127 1323 meae
1146 1283 1246 1335 sint,
1273 1295 1402 1334 quom
1419 1281 1592 1323 redeam
1612 1282 1795 1324 domum.

299 1352 388 1394 Iam
422 1366 500 1406 ego
526 1352 641 1394 domi
666 1352 821 1404 ader03
852 1353 908 1394 ad
933 1367 1070 1395 meam
1098 1354 1305 1395 maiorem
1329 1353 1462 1395 filiam
1490 1354 1631 1396 inuiso
1657 1354 1795 1396 modb.

302 1423 345 1465 Si
366 1425 462 1478 quis
480 1438 545 1466 me
563 1430 755 1479 quaeret,
774 1429 974 1466 uoeatote
993 1425 1141 1479 aliqui,
1166 1430 1241 1467 aut
1265 1426 1351 1467 iam
1369 1429 1539 1478 egomet
1555 1425 1624 1467 hie
1642 1439 1728 1467 ero.
1755 1437 1800 1470 70

901 1522 1199 1577 Panegyris

302 1592 415 1643 Quid
446 1595 626 1646 agimus,
659 1608 790 1646 soror,
824 1595 859 1636 si
890 1594 1127 1636 offirmabit
1157 1599 1282 1649 pater
1313 1595 1545 1637 aduersum
1576 1595 1684 1637 uos?

909 1697 1191 1750 Pamphila

1698 1753 1796 1796 Pati
1836 1741 1839 1745 ’

303 1825 391 1868 Nos
423 1830 595 1879 oportet
627 1825 743 1879 quod
774 1825 847 1867 ille
879 1825 1024 1875 faciat,
1057 1827 1210 1879 quoius
1243 1831 1435 1880 potestas
1467 1826 1565 1880 plus
1597 1830 1751 1880 potest.

302 1898 546 1948 Exorando,
579 1897 695 1938 haud
728 1897 1005 1940 aduorsando
1039 1898 1292 1940 sumendam
1323 1911 1501 1952 operam
1533 1911 1700 1940 censeo.

302 1969 502 2012 Gratiam
534 1983 558 2010 a
589 1973 712 2023 patre
743 1970 778 2010 si
810 1970 1013 2023 petimus,
1049 1984 1174 2023 spero
1206 1970 1262 2011 ab
1295 1983 1344 2011 eo
1376 1972 1679 2024 inpetrassere.

300 2041 536 2083 Aduorsari
563 2042 654 2082 sine
681 2041 890 2082 dedecore
917 2046 960 2082 et
977 2042 1141 2083 scelere
1160 2056 1325 2084 summo
1343 2042 1460 2083 haud
1478 2055 1720 2095 possumus,
1752 2053 1797 2086 75

300 2113 450 2167 Neque
476 2127 555 2166 ego
582 2113 624 2153 id
651 2127 745 2154 sum
768 2113 940 2154 factura
964 2127 1101 2168 neque
1129 2118 1176 2155 tu
1201 2120 1247 2154 ut
1272 2112 1406 2154 facias
1425 2113 1652 2155 eonsilium
1669 2112 1793 2163 dabo,

304 2185 462 2226 Uerum
494 2189 542 2226 ui:
574 2198 814 2226 exoremus.
876 2185 990 2227 Noui
1022 2199 1100 2237 ego
1131 2190 1324 2236 nostros3
1357 2184 1622 2226 exorabilist.

423 2342 584 2377 Titulum
609 2352 674 2376 om.
690 2341 759 2377 BC
826 2343 866 2376 61
895 2341 962 2385 Qui
988 2348 1139 2376 moneat
1164 2342 1254 2376 utA
1323 2343 1366 2376 62
1392 2340 1485 2375 Nam
1510 2341 1544 2375 B
1612 2341 1669 2376 his
1695 2342 1728 2375 A

301 2400 374 2433 hau
398 2401 443 2442 A,
470 2402 533 2433 aut
558 2398 627 2434 BG
733 2399 872 2443 probus
898 2400 931 2433 A
1043 2400 1085 2433 63
1113 2398 1212 2443 quod
1237 2397 1306 2434 BG
1413 2399 1457 2432 64
1483 2410 1575 2442 opus
1601 2399 1648 2433 sit
1752 2399 1796 2433 65

301 2457 434 2500 quique
461 2455 490 2490 C
617 2456 885 2499 suppellectilis
912 2455 979 2490 BG
1102 2457 1144 2489 66
1169 2457 1418 2489 monumentis
1445 2454 1514 2490 BC
1637 2456 1682 2489 67
1705 2455 1795 2488 mihi

299 2512 359 2548 hie
384 2511 453 2547 BG
563 2513 606 2546 68
632 2512 779 2546 Faciete
807 2513 916 2546 sulcis
944 2512 972 2547 C
1080 2514 1123 2546 69
1150 2513 1270 2546 inuiso
1298 2512 1448 2546 domum
1473 2511 1540 2546 BC
1641 2513 1685 2546 70
1709 2511 1795 2545 iude

302 2572 476 2603 uocatote
547 2569 588 2602 '71
614 2568 859 2603 offirmauitA
930 2568 1008 2602 PIN
1027 2569 1054 2604 C
1123 2567 1271 2612 apatiB
1341 2569 1475 2602 73—86
1494 2569 1559 2603 hoc
1572 2568 1698 2603 ordine
1711 2567 1792 2604 BG:

301 2626 443 2660 83—86.
471 2626 615 2660 78—82.
644 2626 778 2660 73—77
861 2627 904 2660 73
930 2626 1027 2659 haud
1054 2636 1118 2660 om.
1148 2625 1175 2660 G
1260 2626 1304 2658 74
1329 2624 1494 2658 Gratiam
1525 2635 1590 2669 per
1614 2625 1644 2658 si
1670 2624 1703 2658 A

302 2678 521 2726 impetrasse
549 2681 578 2716 Ο
645 2683 688 2715 75
712 2682 943 2717 Aduersariis
969 2681 1191 2716 iudedeoore
1215 2680 1282 2716 BG
1349 2682 1511 2725 possumi
1536 2681 1571 2715 B
1636 2682 1679 2716 '76
1704 2681 1793 2725 Neq.

303 2739 506 2783 equidemis
533 2738 685 2782 factura*
703 2740 750 2782 A,
778 2738 905 2783 Neque
932 2750 998 2781 ego
1026 2739 1170 2773 factura
1196 2749 1276 2772 sum
1302 2736 1371 2772 BC
1528 2749 1608 2782 neq.
1634 2742 1670 2772 te
1695 2741 1734 2773 ut
1761 2738 1793 2772 A

301 2797 345 2829 77
370 2796 556 2830 exorabile
583 2798 637 2829 est
661 2794 729 2829 BC
792 2836 794 2838 Ι
