2009 3218
306 227 385 267 182
990 222 1110 257 Plauti
1532 222 1575 264 V,
1600 225 1630 266 3,
1659 224 1788 258 14-21

940 347 978 389 L
990 361 1015 390 α
1028 346 1154 389 ὂναοε

308 404 472 447 Habeo.

949 474 988 517 G
995 489 1019 515 r
1033 476 1049 515 i
1056 489 1085 527 2)
1095 489 1122 516 u
1132 488 1153 516 s

509 547 702 601 Propera

947 633 985 674 L
995 647 1019 674 α
1030 632 1051 674 b
1063 647 1085 674 r
1099 646 1123 674 α
1133 647 1162 674 x

729 703 841 755 Quid
873 704 1146 758 properabo?

956 805 995 848 G
1004 820 1026 847 r
1037 807 1088 858 ip
1099 821 1128 847 u
1137 819 1156 847 s

1191 877 1280 919 Red
1288 878 1390 919 dere
1422 883 1646 931 argentum
1677 879 1794 920 mihi.

948 956 986 998 L
998 970 1021 998 α
1032 955 1055 1009 ἶ)ι
1063 971 1084 997 r
1094 970 1118 998 α
1126 970 1157 998 a:

306 1030 458 1083 Neque
493 1029 648 1084 edepol
679 1027 759 1070 tibi
791 1028 845 1070 do
876 1042 1015 1081 neque
1046 1029 1279 1083 quicquam
1312 1027 1460 1070 debeo.

957 1129 1158 1182 Gripus

1254 1201 1373 1251 Quae
1405 1201 1511 1244 haec
1531 1201 1673 1244 factio
1705 1201 1796 1243 est?
1815 1230 1827 1245 .

306 1275 404 1317 Non
436 1273 599 1316 debes?

949 1345 987 1386 L
997 1359 1020 1386 a
1033 1344 1054 1385 b
1066 1359 1158 1387 rccae

637 1416 676 1458 N
680 1430 735 1459 on
766 1416 909 1460 hercle
941 1431 1058 1458 uero.
1070 1463 1073 1466 Α

956 1518 1159 1570 Gripus

1124 1590 1220 1632 Non
1253 1596 1301 1632 tu
1331 1591 1498 1633 iuratus
1530 1591 1634 1633 mihi
1665 1591 1740 1633 es?

953 1691 1161 1734 Labrax

312 1767 490 1808 Iuratus
517 1779 624 1817 sum,
657 1769 702 1806 et
724 1777 838 1806 nune
861 1764 1027 1815 iurabo,
1059 1765 1092 1805 si
1119 1764 1222 1818 quid
1245 1765 1463 1820 uoluptati
1480 1770 1547 1807 est
1561 1765 1679 1807 mihi.
1714 1776 1800 1811 1360

311 1839 386 1879 Ius
417 1837 647 1879 iurandum
677 1837 740 1878 rei
771 1836 1026 1888 seruandae,
1058 1851 1143 1877 non
1175 1836 1423 1890 perdundae
1455 1836 1730 1879 conditumst.

961 1937 1160 1990 Gripus

313 2011 428 2054 Cedo
463 2013 521 2053 sis
553 2010 659 2052 mihi
689 2011 901 2052 talentum
935 2024 1135 2063 magnum
1169 2010 1348 2063 argenti,
1380 2011 1698 2063 periurissume.

915 2112 1203 2154 Daemones

317 2185 463 2239 Gripe‚
495 2184 610 2238 quod
641 2189 688 2226 tu
720 2185 853 2226 istum
883 2184 1096 2226 talentum
1126 2183 1300 2238 poscis?

963 2285 1162 2339 Gripus

1360 2358 1558 2401 Iuratust
1588 2358 1692 2400 mihi

315 2431 439 2472 Dare.

956 2501 994 2542 L
1003 2515 1027 2543 a
1037 2500 1058 2542 b
1069 2515 1092 2541 r
1104 2515 1164 2543 ax

502 2572 567 2614 Lu
576 2562 658 2615 bet
681 2574 824 2616 iurare
838 2590 846 2625 3
878 2578 956 2616 tun
986 2587 1081 2615 meo
1113 2572 1306 2627 pontifex
1339 2574 1526 2627 periurio
1559 2587 1603 2616 es
1613 2573 1633 2614 ¹?

435 2733 526 2766 1357
551 2731 631 2776 quit
653 2729 696 2782 Βλ
783 2732 869 2766 1358
893 2743 930 2766 es
1014 2732 1101 2766 1362
1123 2731 1392 2776 periturissime
1476 2731 1563 2766 1364
1586 2735 1665 2765 tum
1689 2728 1725 2764 Β

316 2788 457 2833 peiurio
485 2787 523 2823 Β
