2009 3218
341 184 421 221 354
1012 179 1130 215 Plauti
1550 182 1603 225 Il,
1632 185 1662 225 1,
1690 184 1825 217 20—37

338 304 489 358 Neque
519 317 723 358 umquam
755 305 837 346 erit
867 305 1025 359 probus
1057 306 1287 360 quisquam
1318 310 1504 358 amator,
1542 307 1627 348 nisi
1658 309 1732 361 qui
1762 310 1824 351 rei

1281 377 1502 419 inimicust
1533 391 1650 420 suae.

340 447 449 488 Dum
480 446 656 497 habeat,
688 447 788 488 dum
819 452 954 500 amet;
985 448 1058 490 ubi
1090 447 1197 489 nihil
1227 448 1399 500 habeat,
1430 449 1564 491 alium
1595 455 1826 505 quaestum

1284 534 1358 562 coe
1393 521 1466 562 iat.
1759 535 1826 568 230

340 590 490 643 Aequo
530 590 692 640 animo,
737 590 830 644 ipse
869 591 904 631 si
945 591 1049 631 nihil
1090 591 1268 641 habeat,
1315 535 1412 633 alitis
1452 593 1525 646 qui
1558 593 1722 635 habent
1753 594 1827 637 det

1285 662 1440 704 locum.

341 732 489 786 Nugae
507 736 619 784 sunt,
651 733 732 775 nisi
750 732 875 775 modo
894 747 1024 787 quom
1042 733 1221 785 dederit,
1255 733 1359 775 dare
1384 735 1470 776 iam
1494 734 1646 778 lubeat
1670 736 1822 780 denuo.

341 804 383 846 Is
415 803 486 846 hic
516 808 688 846 amatur
718 804 834 858 apud
865 819 956 854 nos,
989 805 1062 858 qui
1091 805 1206 858 quod
1239 805 1360 847 dedit
1381 805 1426 847 id
1450 806 1633 849 oblitust
1659 807 1823 851 datum.

340 876 528 918 Probust
559 880 729 918 amator
759 877 832 930 qui
862 876 1026 918 relictis
1059 876 1190 918 rebus
1222 891 1311 918 rem
1343 877 1485 930 perdit
1508 892 1646 932 suam.

341 948 397 989 At
427 962 506 990 nos
538 949 648 990 male
679 961 806 1001 agere
839 948 1094 1002 praedicant
1125 949 1209 989 uiri
1241 949 1377 991 solere
1409 963 1554 991 secum
1761 963 1826 997 235

341 1020 516 1074 Nosque
548 1035 642 1062 esse
674 1034 843 1061 auaras.
905 1019 985 1070 Qui
1019 1021 1190 1061 sumus?
1223 1020 1328 1074 quid
1361 1026 1427 1062 est
1458 1021 1575 1075 quod
1603 1023 1715 1065 male
1739 1024 1822 1077 agi-

1290 1106 1380 1134 mus
1412 1093 1617 1134 tandem?

342 1163 452 1205 Nam
493 1168 662 1206 ecastor
701 1178 936 1217 numquam
976 1164 1083 1204 satis
1116 1163 1236 1206 dedit
1267 1178 1370 1206 suae
1402 1165 1631 1219 quisquam
1661 1167 1825 1210 amicae

1291 1240 1470 1277 amator.

343 1307 490 1361 Neque
529 1307 601 1361 pol
639 1321 717 1349 nos
757 1309 863 1350 satis
902 1311 1148 1361 accepimus
1186 1322 1326 1361 neque
1363 1321 1566 1362 umquam
1598 1309 1688 1351 ulla
1718 1311 1825 1352 satis

1292 1381 1504 1434 poposcit,

544 1450 653 1493 Nam
685 1451 859 1505 quando
891 1451 1050 1493 sterilis
1082 1439 1145 1493 est
1175 1455 1343 1493 amator
1374 1451 1428 1493 ab
1461 1451 1587 1503 datis,

547 1523 590 1565 Si
620 1527 752 1576 negat
782 1537 826 1565 se
858 1523 1018 1565 habere
1050 1523 1165 1577 quod
1198 1523 1281 1574 det,
1313 1523 1394 1564 soli
1426 1523 1649 1574 credimus,
1760 1535 1826 1569 240

544 1595 633 1636 Nec
656 1596 763 1637 satis
788 1595 1035 1649 accipimus,
1067 1596 1174 1637 satis
1200 1608 1329 1649 quom
1355 1594 1470 1648 quod
1488 1594 1562 1636 det
1576 1609 1663 1638 non
1680 1594 1822 1637 habet.

544 1667 720 1720 Semper
751 1667 926 1709 datores
958 1681 1091 1709 nouos
1123 1671 1296 1721 oportet
1327 1680 1548 1720 quaerere,

546 1740 625 1790 Qui
659 1739 710 1780 de
742 1738 989 1780 thensauris
1022 1740 1201 1791 integris
1234 1739 1384 1780 demus
1416 1738 1593 1789 danunt,

548 1811 673 1852 Uelut
704 1811 773 1852 hic
804 1813 987 1863 agrestis
1020 1816 1083 1853 est
1115 1811 1381 1861 adulescens,
1415 1812 1486 1864 qui
1520 1810 1590 1851 hic
1622 1810 1766 1862 habet,

543 1882 680 1924 Nimis
697 1883 769 1937 pol
786 1883 979 1924 mortalis
998 1883 1166 1936 lepidus
1184 1883 1397 1936 nimisque
1415 1882 1575 1936 probus
1596 1882 1734 1924 dator.
1759 1893 1825 1927 245

544 1954 584 1995 Is
617 1954 726 1996 clam
759 1959 925 2008 patrem
958 1955 1087 1996 etiam
1119 1953 1199 1995 hac
1230 1959 1356 1996 nocte
1387 1953 1486 1995 illac

454 2125 519 2158 229
544 2124 618 2159 Nec
639 2124 706 2159 BC
774 2125 967 2169 quisquam
993 2125 1130 2168 probus
1156 2126 1226 2159 erit
1245 2123 1312 2159 BC
1379 2125 1533 2158 230—31
1557 2127 1642 2167 post
1665 2125 1819 2159 232-33

337 2185 481 2224 ponunt
504 2180 574 2216 ΒΟ
672 2183 739 2216 230
763 2181 858 2216 Dum
884 2182 1019 2216 habeat
1045 2185 1122 2215 tum
1221 2181 1334 2216 habet
1357 2181 1391 2214 A
1491 2181 1553 2214 231
1581 2181 1632 2215 nil
1657 2180 1725 2215 BG

341 2239 430 2272 dent
456 2238 521 2272 ΒΟ
633 2240 699 2272 232
724 2250 793 2282 que
820 2238 929 2272 modo
956 2249 1037 2271 cum
1065 2238 1108 2279 A,
1135 2237 1257 2282 quodo
1283 2237 1393 2272 modo
1420 2244 1464 2272 cu
1487 2236 1534 2279 B,
1567 2237 1666 2282 quod
1691 2237 1822 2273 amodo

342 2306 424 2328 cum
451 2295 478 2329 G
581 2295 692 2329 libeat
717 2296 760 2339 A,
786 2295 910 2330 iubeat
934 2294 1001 2329 BC
1109 2296 1173 2329 233
1199 2299 1343 2329 amatur
1366 2295 1424 2329 hic
1537 2298 1627 2338 quot
1652 2294 1755 2329 dedit
1778 2294 1823 2338 A,

342 2351 520 2395 quodedit
545 2351 611 2385 BC
679 2352 838 2386 iobiatus
865 2351 912 2394 B,
937 2351 1089 2386 Iobatus
1115 2351 1144 2386 G
1222 2353 1288 2386 234
1312 2351 1455 2385 Probus
1481 2354 1536 2386 est
1617 2352 1682 2386 235
1707 2351 1764 2386 Ad
1788 2351 1822 2385 A

341 2409 406 2442 236
432 2408 492 2451 qui
520 2408 547 2441 si
574 2416 748 2452 mumque
774 2409 898 2443 alenus
917 2408 966 2451 B,
993 2409 1053 2452 qui
1079 2409 1145 2442 sini
1172 2420 1343 2452 umquam
1371 2408 1521 2442 Alienos
1537 2407 1565 2442 G
1630 2409 1697 2442 237
1722 2407 1824 2443 dedit

342 2464 480 2498 amicae
507 2465 753 2508 quisquiamat
779 2469 836 2499 tor
861 2477 946 2499 suae
966 2466 998 2499 A
1074 2467 1140 2500 238
1166 2477 1230 2500 nos
1255 2476 1319 2501 om.
1334 2465 1402 2500 ΒΟ
1475 2475 1645 2508 umquam
1669 2474 1735 2500 om.
1759 2463 1828 2499 BC

341 2522 406 2555 239
433 2532 452 2554 a
479 2519 523 2563 B,
550 2531 614 2555 om.
643 2520 672 2553 C
768 2523 835 2555 240
860 2523 957 2566 quod
985 2527 1022 2557 et
1051 2522 1114 2556 BG
1211 2523 1393 2557 credimus
1419 2533 1482 2558 om.
1508 2520 1575 2555 BG
1671 2522 1734 2555 241
1762 2532 1826 2568 ac-⁸

343 2576 507 2619 cepimus
537 2576 566 2611 C
631 2579 695 2611 243
723 2577 807 2612 thou
835 2580 931 2612 auris
956 2579 991 2613 B
1062 2581 1205 2614 demum
1233 2585 1411 2614 oceeruut
1437 2581 1467 2613 A
1539 2583 1604 2615 244
1628 2581 1673 2616 Ui
1699 2584 1740 2616 ut
1758 2580 1827 2616 BG

455 2633 559 2667 habit
583 2634 636 2676 B,
672 2635 748 2667 abit
776 2636 804 2669 G
916 2636 1026 2671 Uelut
1055 2636 1114 2671 hic
1147 2640 1201 2670 cst
1234 2637 1449 2671 adulescens
1483 2638 1543 2681 qui
1570 2637 1737 2673 habitant
1761 2637 1821 2673 hic

342 2690 499 2732 agrestis
525 2691 682 2724 rusticus
709 2691 740 2723 A
858 2694 923 2726 245
948 2692 1009 2735 pol
1035 2703 1100 2727 om.
1127 2693 1160 2726 A
1209 2693 1317 2727 datur
1340 2693 1414 2735 BC,
1444 2697 1587 2728 amator
1610 2694 1643 2728 A
1758 2695 1822 2729 246

342 2747 414 2781 Sed
440 2747 470 2779 is
565 2750 670 2791 patei·
687 2746 762 2781 ,BC
840 2748 901 2782 illa
926 2748 958 2782 A
