2009 3218
321 222 402 260 204
1004 217 1126 252 Plauti
1563 216 1591 259 Ι,
1618 217 1650 258 3,
1675 216 1808 252 23—45

320 343 383 385 Eo
416 343 518 397 quia
547 347 784 397 paupertas
815 341 916 384 fecit
945 343 1154 384 ridiculus
1185 342 1341 394 forem3

320 415 431 456 Nam
462 414 539 455 illa
570 414 677 455 artis
710 414 845 455 omnis
877 414 1096 468 perdocet,
1129 414 1203 455 ubi
1236 427 1364 467 quem
1395 413 1563 467 adtigit.

320 486 403 528 Per
435 498 648 527 annonam
680 498 826 526 caram
858 486 966 528 dixit
997 499 1063 526 me
1094 490 1244 526 natum
1276 489 1419 538 pater3

319 558 568 611 Propterea,
602 556 744 606 credo,
776 570 890 598 nunc
922 557 1088 599 essurio
1122 557 1277 598 acrius.

321 628 405 670 Sed
435 629 582 682 generi
612 633 762 669 nostro
795 627 903 670 haec
934 628 1107 670 reddita
1138 634 1204 669 est
1235 627 1501 680 benignitas:
1747 640 1809 674 185

320 699 437 741 Nulli
467 712 625 752 negare
657 699 788 749 soleo⁷
822 700 859 741 si
890 714 1032 741 essum
1064 713 1130 739 me
1162 703 1304 740 uocat.

322 771 471 813 Oratio
503 785 590 813 una
620 771 785 813 interiit
814 771 1034 812 hominum
1066 784 1280 824 pessume,

321 844 461 897 Atque
493 848 670 897 optuma
700 842 845 884 hercle
877 856 970 884 meo
1001 842 1145 883 animo
1179 846 1221 882 et
1253 842 1509 893 scitissuma,

321 914 416 964 Qua
448 919 548 956 ante
578 913 833 956 utebantur:
865 913 976 955 ’ueni
1007 913 1082 954 illo
1115 913 1171 954 ad
1203 926 1371 964 cenam3
1403 914 1464 955 sic
1495 913 1602 955 face.

319 985 527 1028 Promitte
557 999 685 1037 uer03
716 999 768 1026 ne
800 999 1003 1038 grauare3
1036 990 1102 1026 est
1134 985 1418 1026 commodum.
1748 997 1812 1030 190

319 1058 430 1100 Uolo
463 1059 639 1112 inquam
670 1056 784 1108 fieri3
816 1071 900 1098 non
934 1057 1131 1098 amittam
1162 1057 1266 1110 quin
1299 1055 1396 1098 eas'.

320 1131 444 1172 Nunc
473 1134 760 1183 reppererunt
790 1130 875 1170 iam
907 1129 945 1170 ei
977 1127 1110 1169 uerbo
1142 1128 1369 1178 uicarium,

318 1201 453 1243 Nihili
485 1201 656 1254 quidem
688 1201 833 1242 hercle
866 1200 1048 1242 uerbum
1081 1213 1131 1241 ac
1162 1199 1454 1241 uilissumum:

320 1273 495 1316 ’Uocem
525 1278 567 1314 te
599 1273 655 1314 ad
686 1286 849 1322 cenam,
879 1272 963 1314 nisi
995 1277 1165 1325 egomet
1196 1285 1343 1313 cenem
1374 1271 1502 1313 foris'.

320 1345 372 1386 Ei
402 1345 546 1386 hercle
577 1345 711 1386 uerbo
744 1344 915 1386 lumbos
948 1343 1162 1386 defractos
1194 1343 1336 1394 uelim,
1749 1355 1811 1389 195

319 1416 384 1458 Ne
416 1417 709 1471 perierauerit,
743 1418 778 1458 si
810 1417 1000 1458 cenassit
1031 1415 1157 1456 domi.

322 1489 440 1530 Haec
472 1489 607 1530 uerba
638 1488 846 1542 subigunt
878 1502 944 1529 me
975 1488 1043 1528 uti
1074 1501 1214 1528 mores
1246 1486 1457 1528 barbaros

319 1561 504 1611 Discam,
536 1566 669 1614 atque
703 1567 751 1601 ut
783 1559 942 1601 faciam
974 1560 1200 1613 praeconis
1232 1559 1520 1612 conpendium

319 1632 471 1685 Itaque
505 1633 749 1673 auctionem
780 1632 1040 1686 praedicem,
1072 1632 1163 1685 ipse
1194 1636 1242 1672 ut
1274 1630 1506 1672 uenditem.

916 1759 1212 1802 Crocotium

319 1832 400 1873 Hic
431 1832 503 1873 ille
537 1836 604 1873 est
634 1834 867 1885 parasitus,
901 1845 1024 1886 quem
1058 1832 1312 1873 arcessitum
1342 1831 1477 1872 missa
1508 1845 1623 1882 sum3
1741 1841 1807 1874 200

320 1902 440 1953 Quae
472 1903 666 1958 loquitur
698 1904 954 1945 auscultabo
989 1904 1108 1956 prius
1141 1917 1270 1957 quam
1302 1903 1549 1957 conloquor.

913 2023 1218 2065 Gelasimus

320 2096 405 2138 Sed
439 2097 599 2138 curiosi
633 2102 733 2138 sunt-
764 2096 831 2138 hic
863 2096 1094 2150 conplures
1127 2096 1240 2145 mali,

318 2168 492 2210 Alienas
525 2182 593 2209 res
625 2169 697 2221 qui
730 2174 883 2210 curant
915 2169 1060 2210 studio
1095 2181 1309 2217 maxumo,

434 2327 497 2361 182
523 2326 641 2360 omnis
668 2330 765 2360 artes
790 2324 858 2360 BG
1020 2327 1084 2360 184
1109 2326 1228 2359 esurio
1257 2324 1326 2360 BG
1483 2325 1545 2359 185
1569 2324 1752 2359 redditast
1775 2323 1809 2357 A

321 2384 383 2417 186
409 2382 524 2416 Nullis
540 2383 573 2416 A
666 2393 805 2427 nugare
822 2381 852 2418 G
943 2383 972 2416 si
999 2382 1078 2427 quis
1173 2394 1230 2417 me
1257 2382 1423 2415 essumA
1519 2381 1582 2415 187
1606 2380 1736 2415 interit
1746 2374 1812 2414 ΒΟ

320 2441 383 2474 188
410 2439 511 2474 scitis
538 2450 677 2473 summa
703 2439 773 2474 BG
872 2440 934 2473 189
960 2450 1133 2473 accenam
1157 2437 1192 2472 B
1295 2440 1357 2472 190
1381 2438 1563 2472 Promitto
1588 2436 1656 2472 BG
1747 2436 1807 2470 191

316 2495 395 2530 fleri
422 2495 489 2530 BG
585 2496 758 2529 amictam
787 2495 815 2530 C
910 2496 972 2530 192
998 2496 1067 2529 iam
1094 2505 1159 2530 om.
1186 2494 1252 2529 BC
1352 2495 1414 2529 193
1440 2494 1542 2529 Nihil
1567 2493 1636 2528 BC
1725 2503 1806 2527 uer-

317 2552 489 2587 bumetA
561 2552 812 2586 aculissimum
839 2551 906 2586 BC
978 2553 1040 2586 195
1066 2551 1188 2586 hercle
1215 2563 1284 2594 ego
1312 2552 1427 2586 uerbo
1453 2550 1520 2586 BG
1590 2550 1652 2585 196
1677 2548 1723 2584 Ni
1746 2547 1811 2583 BG

316 2610 560 2653 uereperierit
584 2609 628 2651 A,
656 2610 894 2652 uereperlerit
919 2607 964 2652 B,
992 2608 1240 2652 uerepleuerit
1261 2607 1290 2643 C
1384 2608 1494 2642 domo
1514 2606 1582 2642 BG
1685 2607 1746 2641 197
1770 2608 1809 2639 ut

426 2676 522 2699 mors
548 2664 582 2698 B
695 2666 757 2699 198
784 2676 984 2709 praecones
1100 2666 1162 2699 199
1189 2665 1374 2699 autionem
1401 2664 1470 2699 BC
1575 2667 1617 2698 ut
1641 2674 1699 2698 me
1724 2661 1808 2696 ueni

317 2723 404 2757 item
430 2721 497 2756 BC
599 2722 665 2754 200
689 2723 904 2755 accersitum
930 2720 997 2755 BC
1107 2722 1168 2755 201
1199 2726 1261 2754 aut
1287 2722 1456 2756 scultabo
1482 2721 1515 2756 B
1620 2730 1728 2764 quam
1752 2717 1804 2751 lo-

317 2790 410 2823 quor·
435 2778 479 2816 A,
505 2789 611 2822 quam
639 2776 844 2821 conloquar
858 2778 924 2813 BC
993 2779 1058 2812 202
1084 2779 1144 2822 qui
1172 2777 1352 2822 amplures
1374 2776 1422 2820 B,
1448 2778 1509 2821 qui
1535 2777 1607 2810 iam
1633 2775 1758 2820 plures
1778 2772 1806 2808 G
