2009 3218
130 181 157 222 1,
182 183 214 219 4,
240 180 371 214 21—31
423 172 425 174 ’
797 178 953 212 Rudens.

734 303 1011 345 Palaestra

1103 375 1213 417 Ecce
1246 390 1331 425 me;

129 449 296 492 Accede
328 449 382 490 ad
416 462 481 489 me
515 453 646 501 atque
677 447 748 489 adi
781 453 943 489 contra.

719 550 1021 602 Ampelisca

999 623 1069 664 Fit
1100 622 1262 664 sedulo.

729 725 1009 768 Palaestra

131 799 246 842 Cedo
278 813 464 841 manum.

721 909 760 949 A
774 908 1020 960 mpelisca

536 981 707 1034 Accipe.

735 1086 1009 1128 Palaestra

755 1160 845 1208 Dic,
877 1160 1080 1202 uiuisne?
1112 1159 1303 1202 obsecro.

723 1274 1022 1325 Ampelisca

128 1345 191 1388 Tu
223 1345 332 1388 facis
364 1360 430 1388 me
463 1345 636 1400 quidem
668 1347 817 1388 uiuere
847 1351 895 1388 ut
925 1360 1038 1387 nunc
1069 1346 1212 1396 uelim,

130 1417 267 1468 Quom
297 1418 401 1459 mihi
432 1422 476 1460 te
508 1418 610 1460 licet
639 1423 830 1472 tangere.
896 1417 950 1460 Ut
980 1419 1054 1459 uix
1084 1417 1188 1459 mibi

128 1488 268 1532 Credo
300 1504 378 1544 ego
409 1490 502 1542 hoc,
533 1495 576 1533 te
608 1495 768 1533 tenere.
831 1489 1032 1535 Obsecro.
1065 1490 1338 1545 amplectere.

128 1560 232 1616 Spes
263 1576 377 1613 mea,
409 1566 459 1604 ut
489 1577 556 1604 me
589 1563 779 1606 omnium
810 1563 896 1604 iam
926 1562 1122 1605 laborum
1155 1562 1295 1605 leuas!

729 1667 1009 1708 Palaestra

129 1738 324 1794 Occupas
356 1738 596 1794 praeloqui,
629 1753 742 1794 quae
773 1753 868 1781 mea
901 1739 1053 1780 oratio.

128 1809 250 1853 Nunc
281 1810 402 1853 abire
434 1811 533 1853 hinc
567 1812 692 1854 decet
721 1827 813 1854 nos.

721 1915 1023 1967 Ampelisca

874 1987 966 2038 Quo
998 1985 1153 2029 amabo
1184 1985 1375 2028 ibimus?

729 2106 1015 2148 Palaestra

134 2177 258 2221 Litus
288 2178 370 2222 hoc
400 2193 724 2234 persequamur.

721 2292 1025 2345 Ampelisca

796 2365 963 2419 Sequor
994 2379 1078 2419 quo
1110 2363 1241 2406 lubet.

730 2481 1010 2523 Palae-<tra

132 2553 271 2597 Sicine
302 2556 371 2598 hic
403 2570 498 2598 cum
530 2555 666 2598 uuida
696 2559 815 2596 ueste
848 2553 1173 2607 grassabimur‘?

243 2715 308 2749 243
334 2717 376 2750 ut
400 2715 525 2750 uiuere
618 2715 684 2748 244
709 2713 824 2757 Quam
919 2714 985 2747 246
1010 2712 1126 2746 lenias
1153 2711 1182 2746 Ο
1271 2711 1336 2745 247
1363 2713 1458 2744 mest

131 2769 189 2806 hie
214 2771 243 2806 0
331 2772 547 2807 uiuoaueste

1225 2837 1347 2874 .7·

1561 183 1611 219 99

1551 388 1618 421 240

1551 1502 1617 1535 245

1551 2563 1618 2596 250

1551 2710 1617 2743 250
