2009 3218
715 217 756 250 V.
783 219 972 252 220—256.
1518 223 1593 261 531

102 345 324 398 portabant,
356 346 556 394 parasitus
579 346 662 394 ipse
687 358 815 383 secum
841 346 928 389 sert,
961 360 994 383 v.
1023 347 1130 384 Pers.
1162 349 1250 394 125,
1286 352 1324 385 et
1347 347 1419 393 hae,
1453 347 1594 397 quibus

105 427 236 453 carere
265 426 342 451 non
371 415 541 464 poterat,
575 414 757 462 quoniam
783 413 960 462 quotidie
986 418 1074 451 ante
1099 429 1233 452 cenam
1259 415 1467 453 lavandum
1496 418 1592 461 erat,

102 482 183 520 fere
213 481 303 519 solae
335 483 416 518 eius
447 480 595 518 divitiae
621 485 744 527 erant,
777 482 824 518 cf.
852 481 996 518 Athen.
1023 482 1118 519 XIII
1143 498 1180 533 p.
1210 484 1288 521 584
1321 483 1344 531 f,
1381 484 1445 520 ubi
1471 497 1594 520 mere-

101 549 185 587 trix·
202 549 377 600 parasito
402 561 622 594 occurrens,
656 550 723 598 qui
748 549 898 599 aliquot
929 551 1012 587 dies
1045 554 1319 599 aegrotaverat,
1350 551 1419 593 Ὣς
1450 551 1594 598 ἷσχνός;

103 617 186 665 ἔφη,
226 617 287 654 cui
317 617 400 655 ille:
448 619 480 652 τί
510 618 580 667 γὰρ
611 619 673 653 οἷἐι
703 631 748 665 με
778 620 814 653 ἐν
843 618 958 665 τρισὶν
992 618 1133 666 ἡμέραις
1164 619 1484 668 καταβεβρωκέναι;
1525 620 1594 656 illa

102 688 231 722 autem
269 685 501 734 respondet:
540 684 642 721 ''llroc
672 686 732 730 τὴν
762 687 923 731 λήκυθον
954 687 972 731 ἢ
1003 687 1045 722 τὰ
1075 686 1305 734 ὗποδήματαρ
1374 687 1470 724 Nam
1513 702 1592 725 am-

100 752 217 803 pullae
255 765 411 801 quoque
449 756 610 790 scorteae
651 757 781 798 erant,
828 767 864 790 v.
897 753 1003 791 Fest.
1046 767 1084 804 p.
1120 755 1221 791 262:
1281 754 1474 801 „Scorteae
1513 770 1594 793 am-

99 821 216 872 pullae
245 824 442 858 vetustate
479 834 632 871 rugosae
664 825 703 858 et
733 822 874 859 coloris
916 822 1088 860 eiusdem
1120 818 1284 860 rubidae
1315 822 1390 859 dici
1423 821 1594 871 solent“‚

99 892 144 926 ut
172 888 328 927 videtur
364 903 411 926 ex
451 892 589 927 nostro
620 889 716 927 loco.
785 889 842 927 Cf.
875 889 976 927 Rud.
1012 891 1088 928 743
1123 894 1161 927 et
1191 903 1276 939 quae
1308 892 1511 928 attulimus
1546 893 1594 929 de

18 957 23 960 “
99 958 242 995 nomin.
270 970 451 995 vasorum
476 971 514 1006 p.
544 959 608 995 69.
655 957 840 995 Vidensk.
860 957 984 995 Selsk.
1004 957 1173 995 Skrifter
1189 958 1246 994 III
1265 954 1413 1008 (1865)
1439 973 1477 1009 p.
1498 961 1590 998 205.
1655 965 1661 971 '

35 1042 42 1050 ⁸
99 1045 154 1051 —
190 1026 282 1063 235.
332 1021 579 1063 Parasitum
622 1035 804 1072 manem,
851 1039 891 1061 se
936 1027 1063 1075 ipsum
1107 1027 1254 1064 vendit.
1294 1046 1349 1051 --
1392 1023 1595 1076 reliquiae

97 1095 358 1144 parasitorum
391 1107 482 1143 pars
514 1098 610 1138 erat,
640 1108 675 1132 v.
702 1094 750 1130 ad
768 1093 879 1131 Cure.
900 1094 992 1131 321.
1026 1114 1080 1119 —
1111 1095 1203 1131 236.
1235 1091 1422 1131 neniis-96
1446 1097 1478 1132 A
1505 1096 1539 1132 h.
1565 1097 1592 1132 l.

100 1181 149 1188 —
167 1162 365 1212 quamtum
386 1161 534 1210 potest,
568 1177 602 1199 v.
623 1162 671 1199 ad
689 1163 829 1210 Amph.
849 1163 942 1199 964.
961 1172 1017 1186 —‘—
1034 1163 1127 1199 237.
1162 1162 1256 1199 Post
1279 1163 1444 1210 partem
1464 1165 1594 1201 hiatus

96 1229 136 1268 in
167 1243 312 1268 caesura
341 1234 386 1266 ut
418 1231 510 1267 238.
532 1231 631 1277 2413
664 1230 842 1267 Mueller.
865 1227 1004 1277 „inde“
1034 1229 1157 1267 addit.
1176 1250 1230 1256 —
1256 1227 1442 1270 Herculi.
1475 1245 1510 1268 v.
1543 1233 1592 1269 ad

95 1298 234 1336 Bacch.
270 1299 363 1336 661.

210 1367 302 1403 242.
350 1366 532 1404 Crocotio
569 1378 610 1403 se
649 1367 839 1403 salutanti
872 1366 1088 1404 Gelasimus
1127 1372 1243 1415 negat
1284 1381 1323 1404 se
1364 1381 1386 1403 a
1424 1368 1588 1405 ridendo

95 1429 235 1484 (γελᾶν)
265 1435 457 1485 appellari
494 1447 622 1483 posse.
661 1454 716 1459 —
755 1435 848 1472 244.
889 1431 1078 1472 disertim
1111 1435 1144 1472 A
1175 1440 1215 1472 et
1245 1435 1396 1472 Nonius
1428 1449 1464 1485 p.
1498 1438 1591 1482 509,

41 1509 48 1513 '
95 1493 162 1552 qui
197 1500 361 1552 „plane“
396 1502 578 1552 explicat.
625 1521 679 1527 —
723 1512 805 1540 usu
834 1498 1022 1551 perdidi,
1069 1516 1105 1540 v.
1139 1503 1187 1540 ad
1218 1502 1360 1553 Amph.
1396 1505 1490 1542 838.
1537 1524 1593 1529 —

95 1571 188 1608 245.
229 1567 535 1620 Miccotroyus,
566 1572 684 1618 μικκὰ,
715 1571 740 1608 i.
775 1584 806 1608 e.
838 1571 965 1619 μικρὰ,
998 1572 1162 1620 τρώγων,
1204 1573 1345 1619 exigua
1376 1571 1504 1609 edens.
1540 1592 1588 1597 —

94 1648 115 1676 e
141 1648 263 1684 uero,
305 1639 352 1676 cf.
385 1638 481 1676 Hor.
513 1638 593 1676 Sat.
626 1638 681 1684 II,
727 1640 770 1687 2,
805 1640 876 1676 56:
929 1638 1024 1685 „Cui
1057 1639 1171 1677 Canis
1210 1653 1258 1676 ex
1298 1653 1390 1677 vero
1429 1639 1590 1678 ductum

94 1719 304 1756 cognomen
344 1704 576 1744 adhaeret“.
616 1727 670 1731 —
710 1708 802 1744 246.
850 1703 921 1744 Eu
959 1707 1136 1754 ecastor,
1184 1721 1220 1745 v.
1254 1709 1303 1745 ad
1339 1708 1457 1746 Most.
1493 1709 1587 1746 331.

92 1773 235 1813 Versus
272 1775 373 1825 pede
413 1776 569 1825 longior
607 1779 684 1820 est,
732 1778 777 1812 ut
818 1775 966 1825 aliquid
1004 1775 1221 1813 tollendum
1262 1789 1345 1813 esse
1384 1780 1588 1826 appareat.

92 1841 137 1880 R.
166 1856 239 1893 pro
278 1843 338 1881 his
380 1840 490 1889 ‚.Au“
532 1844 689 1892 scripsit
728 1847 772 1880 ut
815 1845 906 1881 260.
986 1847 1050 1891 „te
1087 1841 1230 1882 hodie“
1279 1857 1353 1881 om.
1392 1844 1588 1890 Mueller„

94 1909 307 1959 „multum“
334 1925 404 1949 nos
436 1925 523 1949 cum
554 1911 744 1949 Bentleio.
772 1911 1068 1950 Studemundus
1099 1925 1260 1950 versum
1292 1911 1484 1950 excidisse
1515 1926 1591 1962 pu-

90 1978 217 2017 tabat:
262 1979 347 2027 „Eu
378 1984 532 2017 ecastor
564 1975 735 2030 [semper
765 1980 861 2017 mihi
893 1981 1051 2029 quidem
1082 1984 1127 2018 tu
1159 1980 1431 2028 Gelasimus⁷s3
1463 1975 1583 2029 Nam]

90 2048 158 2085 risi
201 2051 241 2086 te
284 2048 402 2085 hodie
447 2045 655 2093 multum“,
709 2061 744 2085 v.
785 2048 958 2097 Langen.
1001 2048 1122 2086 Beitr.
1163 2062 1200 2097 p.
1244 2049 1336 2086 200.
1386 2067 1435 2073 --
1493 2050 1586 2086 247.

37 2103 41 2106 ²
93 2110 315 2164 Pessuma‚
362 2117 408 2154 cf.
440 2116 555 2154 Truc.
592 2116 681 2153 119.
757 2116 823 2153 R.:
875 2117 1122 2163 „auctionem
1160 2113 1426 2166 pessumam“‚
1473 2118 1586 2166 quasi

90 2196 168 2222 non
197 2190 430 2234 sequeretur
467 2185 704 2221 adiectivum
746 2184 782 2221 te
821 2180 1122 2233 (liquissivvzam.
1159 2203 1208 2209 —
1251 2184 1344 2222 248.
1385 2180 1478 2222 Eho
1515 2194 1581 2231 an,

89 2264 126 2289 v.
157 2253 206 2290 ad
236 2252 344 2289 Trin.
379 2253 470 2290 934.
511 2270 565 2277 —-
611 2248 818 2289 audiui-sti
857 2253 902 2289 A.
942 2271 998 2276 —
1039 2253 1132 2290 250.
1171 2249 1290 2300 potis
1331 2251 1486 2293 addidi,
1535 2252 1581 2290 ef.

93 2320 189 2358 148:
225 2323 294 2368 „ut
322 2321 489 2369 potestis
517 2318 718 2370 optume“.
779 2319 915 2357 Goetz.
942 2333 1028 2357 cum
1045 2320 1169 2370 Bugg.
1191 2320 1334 2370 Opusc.
1367 2319 1416 2356 ad
1447 2319 1580 2357 Madv.

89 2400 128 2438 p.
169 2389 269 2426 181:
334 2388 424 2434 „ted
468 2385 587 2434 hoc“,
645 2387 692 2424 cf.
739 2385 855 2424 Most.
905 2388 1012 2425 737:
1086 2388 1222 2434 „Nunc
1263 2382 1306 2426 te
1351 2388 1424 2426 hoc
1469 2401 1584 2426 orare

89 2455 202 2493 iussit
238 2468 359 2506 opere
399 2453 622 2493 maxumo“.
663 2475 718 2481 —
759 2456 851 2493 251.
898 2451 1066 2502 simitu,
1113 2457 1247 2504 simul,
1287 2471 1323 2494 v.
1357 2455 1408 2492 ad
1438 2455 1580 2505 Amph.

92 2523 184 2562 624.
253 2523 330 2561 Pro
374 2527 548 2560 extrema
586 2527 700 2573 parte
740 2536 876 2560 versus
906 2523 941 2560 A
969 2524 1138 2572 proximi
1175 2524 1322 2561 exitum
1363 2524 1581 2562 substituit.

33 2609 38 2616 ·
89 2610 144 2617 —
181 2593 274 2630 252.
318 2587 422 2629 illuc
450 2591 497 2629 A.
535 2611 591 2617 —
629 2592 721 2629 253.
769 2591 970 2628 Parasitus
1008 2603 1086 2628 non
1124 2591 1280 2629 dubitat
1318 2592 1412 2642 quin
1443 2592 1583 2629 hostiis

90 2659 196 2697 oaesis
228 2660 279 2697 ad
309 2671 443 2697 cenam
473 2663 648 2697 vocetur.
707 2653 854 2696 Iamne
885 2659 977 2696 exta
1007 2658 1130 2706 cocta,
1163 2659 1211 2697 cf.
1237 2659 1320 2697 Mil.
1342 2661 1445 2698 713:
1482 2660 1585 2707 „Ab-

90 2725 236 2764 ducunt
275 2726 325 2764 ad
363 2729 454 2764 exta
491 2724 594 2764 me“.
635 2745 691 2752 —-
728 2726 828 2776 quot
867 2724 988 2776 aquis
1018 2727 1071 2773 A3
1118 2727 1166 2764 cf.
1199 2726 1247 2764 ad
1277 2729 1367 2765 Aul.
1402 2728 1495 2765 614.
1527 2746 1583 2752 ——

88 2786 257 2841 fecerat,
304 2794 491 2841 faciebat,
538 2808 573 2831 v.
615 2794 664 2832 ad
701 2794 807 2832 Pers.
850 2796 942 2833 573.
989 2814 1043 2820 —
1097 2795 1190 2833 256.
1241 2798 1303 2842 „te
1343 2793 1452 2832 uolt“
1507 2795 1582 2832 del.

1247 2870 1313 2904 34·
