2009 3218
348 202 425 238 592
967 199 1208 234 Trinummus.

345 327 390 364 cf.
418 326 574 364 Hesiod.
596 326 667 376 Op.
689 328 787 364 605:
817 328 865 375 μή
897 342 981 364 ποτε
1013 328 1272 378 σ’ἡμερόκοιτος
1297 330 1383 379 ἀνὴρ
1408 330 1482 366 ἀπὸ
1505 330 1668 379 χρήμαθ’
1695 331 1821 378 ἕληται.

343 413 396 418 -
429 393 561 431 sector
589 390 798 438 εοηανὶιιε,
840 397 906 444 qui
946 408 1062 432 zonas
1094 409 1337 436 nummorum
1369 398 1503 447 plenas
1535 393 1589 447 (v.
1622 398 1670 435 ad
1702 399 1823 438 Mero.

346 459 442 510 913)
460 465 578 509 secat,
610 462 896 510 βαλαντιοτόμος.
915 483 968 488 -
988 465 1080 501 863.
1121 460 1437 514 circumspectat
1459 475 1561 514 sese,
1595 467 1640 504 cf.
1665 468 1754 504 147.
1773 487 1825 493 ——

343 525 532 575 noscitari,
566 530 611 566 cf.
632 529 746 579 Epid.
769 531 860 568 536.
892 551 946 556 —
980 531 1072 569 864.
1104 529 1344 581 speculatur
1374 534 1431 571 ed.
1451 546 1523 583 pin,
1543 534 1591 572 cf.
1610 534 1708 571 Rud.
1733 536 1822 573 111.

342 616 396 622 —
428 598 519 635 865.
555 593 708 647 Magyis,
742 611 855 647 quain
889 603 1012 636 antea.
1046 619 1100 624 —-
1133 601 1223 637 868.
1248 596 1423 649 pultabo
1456 604 1493 637 et
1524 596 1640 639 habet
1671 602 1731 639 ed.
1764 616 1824 652 pr.

343 665 399 702 Cf.
432 665 513 702 Mil.
546 667 640 703 493.
682 686 716 690 —-
759 667 850 704 869.
884 663 956 704 hac
986 668 1120 713 noctu,
1153 681 1187 704 v.
1214 667 1262 704 ad
1288 668 1424 718 Amph.
1456 669 1548 706 268.
1581 689 1635 694 —
1665 665 1824 718 ayitan-

345 730 442 770 (lum
482 733 544 771 est
580 729 770 783 uiqz'lz'as,
818 748 850 771 v.
893 734 1023 772 Madv.
1063 735 1128 772 Gr.
1171 735 1256 773 Lat.
1299 738 1376 774 421
1421 736 1456 773 b.
1505 755 1554 761 —
1603 737 1694 774 870.
1741 733 1825 785 hoc,

344 802 506 847 ostium,
554 816 588 838 v.
629 801 678 838 ad
719 802 858 839 Pseud.
903 803 1020 840 1123.
1068 823 1123 828 —
1167 800 1307 853 ecquis
1345 800 1410 841 his
1454 798 1618 849 foribus
1658 800 1826 842 tutelam

342 865 481 918 yerit?
525 870 572 907 cf.
605 869 760 906 Truoul.
795 871 896 917 2523
942 872 966 907 i.
1000 886 1029 907 υ.
1065 872 1197 919 ecquis
1236 871 1296 908 hic
1339 875 1397 909 est
1427 870 1601 909 ianitor?
1647 876 1692 909 ut
1723 872 1825 912 Men.

346 937 438 974 660.
471 957 524 962 ——
563 939 656 975 871.
695 934 814 976 Heus
845 938 903 975 ed.
938 951 995 988 pr.
1029 958 1082 963 -—
1115 940 1207 976 872.
1238 949 1331 976 sum
1362 939 1451 976 add.
1484 940 1697 977 Acidalius.
1759 940 1826 990 Sy-

344 1005 537 1055 cophanta
575 1006 744 1054 primum
783 1007 961 1056 repetitis
1002 1006 1282 1056 quaestionibus
1320 1006 1487 1045 offensus
1528 1009 1638 1058 quasi
1680 1010 1825 1058 impor-

343 1076 482 1110 tunum
514 1075 838 1123 interrogatorem
865 1075 1027 1123 spernit,
1061 1075 1342 1123 quaestionibus
1367 1075 1546 1113 omnibus
1570 1075 1619 1112 ad
1647 1077 1826 1126 seperti-

347 1140 529 1177 nentibus
562 1141 693 1179 diceus
725 1155 763 1178 se
795 1143 833 1178 in
865 1155 980 1178 censu
1013 1143 1206 1179 rationem
1238 1142 1456 1180 reddidisse
1487 1140 1756 1192 iuratoribus,
1790 1157 1824 1182 v,

346 1208 393 1246 ad
426 1208 586 1246 Poenul.
621 1210 684 1246 58.
747 1209 856 1255 Quod
890 1210 1012 1247 nihilo
1046 1212 1189 1258 minus,
1231 1211 1325 1260 quid
1365 1211 1482 1258 uelit,
1522 1215 1742 1261 expromat,
1782 1213 1828 1249 ab

344 1277 498 1324 ingenio
544 1277 625 1314 eius
673 1279 828 1314 minime
874 1278 1042 1314 alienum
1088 1282 1167 1324 est3
1222 1278 1434 1327 respondet
1486 1284 1614 1316 autem
1661 1281 1827 1317 interro-

345 1346 456 1393 ganti
487 1358 601 1382 versu
635 1346 726 1383 873.
797 1345 902 1382 Male.
935 1346 978 1382 R.
1014 1361 1046 1382 v.
1083 1347 1161 1383 872
1201 1346 1425 1396 transponit.
1455 1350 1546 1396 post
1577 1348 1677 1394 879,
1718 1349 1829 1397 quasi

347 1414 424 1450 879
468 1412 515 1449 ab
555 1413 634 1450 880
674 1413 754 1449 ullo
795 1413 908 1450 modo
948 1413 1081 1451 divelli
1119 1418 1272 1463 posset,
1319 1418 1386 1451 ant
1426 1415 1555 1452 versui
1586 1416 1664 1453 879
1698 1417 1828 1466 aptius
1903 1403 1908 1407 ⁵

345 1494 460 1530 quam
501 1482 576 1518 871
626 1480 707 1517 haec
754 1481 872 1518 verba
918 1481 1219 1531 responderent.
1294 1481 1391 1519 Nam
1437 1483 1544 1532 quod
1584 1484 1639 1520 ait
1677 1483 1826 1533 Proleg.

344 1562 381 1598 p.
414 1548 507 1586 XX:
545 1549 664 1595 „talia
696 1550 796 1586 enim
829 1562 965 1586 revera
996 1549 1270 1587 sciscitabatur
1302 1548 1478 1596 censor“‚
1517 1551 1557 1588 id
1588 1551 1695 1588 nulla
1725 1551 1826 1588 refu·

344 1617 494 1654 tatione
524 1621 623 1665 eget.
669 1637 724 1641 —
769 1617 861 1654 873.
902 1613 978 1654 hic.
1040 1617 1084 1654 R.
1123 1615 1259 1664 ‚,hinc“
1294 1622 1337 1655 ut
1370 1619 1462 1665 327,
1506 1619 1571 1656 vix
1611 1622 1726 1656 recte.
1774 1639 1825 1644 —

347 1685 426 1722 874
458 1684 570 1721 affert
601 1684 751 1722 Nonius
781 1699 819 1735 p.
854 1686 903 1722 73
940 1685 1015 1733 „ad
1046 1682 1193 1734 ipsam“
1228 1687 1414 1724 scribens.
1477 1684 1541 1732 ad,
1574 1700 1608 1724 v.
1635 1686 1683 1724 ad
1707 1687 1841 1724 Mero.-

345 1753 438 1790 420.
478 1766 598 1802 supra
631 1754 723 1791 725.
771 1772 820 1778 --
866 1754 957 1791 875.
1010 1751 1242 1800 ‚.Calliclen“
1286 1754 1448 1791 formam
1488 1768 1510 1792 a
1541 1754 1670 1792 Plauti
1712 1758 1824 1792 aetate

346 1821 510 1857 alienam
552 1821 675 1857 videri
716 1821 881 1858 diximus
913 1822 960 1858 ad
991 1822 1097 1858 Asin.
1133 1822 1202 1867 84,
1244 1835 1277 1860 v,
1312 1822 1356 1859 R.
1390 1822 1547 1860 Praefat..
1579 1837 1616 1872 p.
1650 1821 1823 1859 LXVIII.

345 1888 599 1926 scribendum
644 1889 764 1936 igitur
814 1884 1042 1936 Callicletm
1098 1889 1141 1926 R.
1181 1903 1265 1927 cum
1314 1890 1554 1928 Hermanno:
1605 1889 1822 1937 „Calliclem

346 1970 458 2006 quem
491 1955 637 2002 aibat“,
670 1957 825 1994 frustra.
866 1977 920 1982 —
959 1957 1050 1994 878.
1090 1953 1196 1995 hisce
1227 1958 1285 1995 ed.
1319 1972 1398 2008 p1·.‚
1440 1959 1485 1996 cf.
1519 1958 1566 1995 ad
1598 1957 1696 1996 Rud.
1731 1959 1822 1996 293.

344 2021 525 2062 habitent
562 2024 620 2061 od.
653 2038 712 2075 pr.
760 2044 813 2050 —
847 2024 969 2073 pater
1008 2025 1067 2062 ed.
1108 2038 1166 2075 pr.
1210 2045 1257 2050 —
1300 2028 1392 2065 881.
1435 2022 1659 2076 quidquid,
1701 2039 1734 2063 v.
1775 2025 1823 2063 ad

346 2092 444 2129 Rud.
482 2093 600 2130 1346.
632 2112 687 2117 —
719 2094 810 2130 885.
850 2089 982 2130 lmcle
1013 2093 1100 2129 add.
1136 2093 1178 2130 R.
1213 2113 1266 2118 —
1297 2105 1319 2132 a
1358 2104 1445 2132 meo
1474 2090 1615 2143 primo
1647 2089 1822 2139 nomine,

347 2175 369 2198 a
404 2161 597 2211 principio
635 2162 802 2198 nominis
843 2162 934 2207 mei,
977 2161 1040 2198 ΒΓ.
1073 2181 1127 2185 -
1160 2162 1239 2199 886
1271 2161 1387 2199 affert
1424 2162 1548 2200 Varro
1587 2162 1630 2199 L.
1665 2162 1708 2199 L.
1742 2161 1821 2207 VII,

348 2229 399 2265 78
440 2227 603 2265 addens:
656 2224 919 2275 „concubium
954 2242 976 2265 a
1007 2229 1213 2266 concubitu
1246 2229 1461 2267 dormiendi
1493 2243 1608 2268 causa
1639 2227 1822 2267 dictum“.

347 2295 474 2343 Vulgo
505 2296 648 2333 dicitur
679 2296 869 2334 concubia
901 2309 987 2334 nox.
1014 2317 1064 2322 —
1091 2299 1183 2335 887.
1221 2295 1307 2344 ,‚et“
1345 2297 1416 2335 del.
1451 2297 1636 2346 Scaliger.
1692 2291 1825 2344 facere

347 2364 531 2400 uiaticum
565 2367 624 2401 est
653 2377 812 2414 parare„
867 2364 1007 2414 Speng.
1045 2363 1207 2415 „capto“
1245 2366 1340 2402 coni.
1382 2385 1433 2390 —·
1464 2365 1531 2411 ut,
1573 2365 1618 2403 cf.
1651 2365 1700 2402 ad
1733 2366 1822 2404 549.

350 2450 400 2455 —
448 2431 541 2468 888.
587 2428 787 2469 ueoeillum
833 2428 1057 2470 amariam.
1134 2432 1204 2470 Ed.
1247 2445 1325 2482 pr.:
1377 2433 1600 2480 „uasculum
1640 2431 1726 2479 u.“;
1778 2432 1821 2470 R.

347 2503 414 2535 aut
455 2498 715 2546 „uascellmffl
765 2505 829 2536 aut
872 2497 1042 2549 (Proleg.
1081 2513 1117 2549 p.
1168 2498 1347 2548 LXXXI)
1394 2498 1642 2549 „uesculum“
1691 2500 1823 2537 eadem

348 2568 399 2611 vi,
424 2566 491 2603 sed
514 2567 639 2604 forma
662 2568 783 2616 magis
807 2568 936 2605 dubia.
999 2568 1141 2606 Verum
1166 2570 1204 2606 in
1229 2569 1385 2607 vasculo
1407 2569 1709 2618 comparationis
1727 2569 1824 2606 ratio

348 2647 449 2684 aegre
488 2634 739 2684 intelligitur,
784 2648 904 2683 quare
950 2635 997 2672 ad
1044 2635 1154 2674 codd.
1202 2637 1363 2686 propius
1405 2649 1581 2673 reversus
1626 2631 1824 2674 uexillum

348 2702 498 2751 scripsi.
568 2701 805 2739 vexillorum
839 2704 937 2740 enim
969 2704 1133 2741 formam
1166 2704 1306 2741 habere
1336 2707 1554 2753 potueruut
1585 2707 1696 2749 notae,
1737 2715 1821 2752 quae

349 2770 452 2806 cadis
492 2770 529 2806 in
568 2770 673 2807 cellis
716 2771 875 2807 vinariis
913 2771 1212 2820 imponebantur
1251 2777 1293 2808 ut
1332 2771 1461 2820 sillybi
1494 2771 1753 2808 voluminibus
1786 2771 1822 2807 iu
