2009 3218
816 193 858 228 v.
886 196 1001 228 1—2'7.
1572 199 1654 238 417

167 319 403 360 deluctaui“.
471 317 663 359 mauelim
694 321 829 367 codd.;
879 322 922 360 R.
960 321 1150 371 „tnnlui“;
1184 338 1259 361 non
1292 338 1400 375 opus.
1437 344 1484 350 -—
1531 328 1566 363 5.
1597 322 1653 373 fio

167 386 296 427 miser
318 392 545 439 corruptum
573 393 650 435 est3
682 389 798 427 Both.
821 389 919 437 „fleo
945 389 1020 428 m.“
1040 394 1186 439 posuit,
1212 405 1289 429 nou
1314 393 1462 430 melius.
1511 393 1653 431 Sensus

168 458 335 507 requirit
369 458 448 504 „ita
479 455 701 495 excrucior“
737 461 805 494 aut
835 457 962 495 simile
994 458 1099 508 quid.
1130 479 1176 484 -
1217 464 1252 497 8.
1286 457 1404 498 ‘illum
1437 458 1577 510 edepol
1606 462 1653 498 A.

167 546 222 552 —
257 527 318 563 ll.
353 521 476 574 quasi
505 522 615 574 lippo
646 521 774 572 oculo,
805 526 872 564 cfr.
899 525 1037 563 Bacch.
1064 528 1144 564 908
1170 541 1254 577 sqq.
1282 549 1336 554 —
1368 531 1429 566 12.
1466 527 1575 577 (guin
1608 530 1653 567 A.

168 614 221 620 —
249 589 512 643 pracfulcial,
544 593 737 641 subiiciat,
769 607 803 631 v.
838 594 887 631 ad
920 594 1058 632 Pseud.
1096 597 1188 633 776.
1222 616 1272 621 -
1310 598 1370 634 13.
1405 608 1467 635 me
1497 598 1652 646 contra,

167 662 423 711 anastrophe,
463 675 498 698 v.
531 661 577 697 ad
610 662 753 712 Amph.
787 663 879 700 234.
950 662 994 700 In
1026 663 1215 700 eiusmodi
1246 666 1450 702 sententiis
1481 667 1653 716 paribus,

168 731 235 769 ubi
259 730 344 768 duae
367 742 544 779 personae
567 743 638 780 pro
662 744 701 768 se
726 744 888 780 quaeque
915 730 1050 768 eadem
1077 731 1294 780 proferunt,
1327 732 1498 771 elocutio
1523 737 1654 771 tamen

168 799 324 850 paulum
349 799 494 836 variari
519 799 632 845 solet,
665 803 709 836 ut
733 800 772 835 in
796 799 998 848 proximis,
1025 798 1141 849 Epid.
1169 801 1248 837 536
1275 813 1373 850 sqq„
1410 802 1458 839 al.
1521 802 1655 851 Itaque

168 868 301 919 priore
330 867 416 904 loco
454 867 594 904 contra
634 877 695 904 me
724 866 929 913 scribitur,
976 868 1193 921 posteriore
1226 878 1288 904 me
1319 869 1481 917 contra,
1523 870 1656 919 priore

173 933 277 985 Quis
315 931 404 973 illic:
440 931 532 972 est?
585 937 802 984 posteriore
847 932 950 983 (getis
988 931 1053 973 llic
1091 931 1185 973 est?
1256 936 1442 974 Editores
1481 940 1520 975 et
1559 938 1656 975 illud

169 1008 384 1050 mutarunt,
431 1007 470 1041 et
507 1003 618 1040 hiatu
656 1007 747 1041 ante
787 1004 963 1040 ultimam
1003 1017 1139 1041 versus
1178 1018 1312 1042 vocem
1351 1005 1509 1054 offensi,
1542 1019 1657 1055 quem

169 1073 210 1110 in
250 1073 384 1110 eadem
426 1071 554 1109 vocali
594 1072 762 1121 repetita
798 1071 1001 1110 ferendum
1046 1077 1162 1122 puto,
1217 1087 1252 1111 v.
1291 1073 1445 1124 Proleg.
1484 1087 1522 1124 p.
1564 1075 1656 1121 220,

171 1140 335 1179 Guietus
391 1143 551 1188 „contra
602 1136 715 1176 med“
771 1140 947 1189 scripsit,
1002 1139 1134 1178 Herm.
1183 1140 1227 1178 R.
1279 1141 1377 1188 „Hic
1425 1143 1512 1191 quis
1558 1140 1658 1189 est“‚

171 1208 350 1260 Spengel.
387 1208 507 1257 „Quis
538 1208 627 1245 istic
654 1205 768 1246 est?“
790 1227 845 1232 —
874 1209 936 1245 15.
970 1204 1217 1258 ady‘redibor
1232 1210 1277 1246 A.
1307 1229 1360 1235 —
1396 1211 1458 1248 16.
1492 1207 1658 1258 dabunt,

171 1278 217 1315 cf.
251 1278 345 1315 206.

289 1347 350 1383 17.
392 1340 447 1384 Ut
465 1355 578 1394 queo,
609 1345 657 1383 cf.
675 1345 764 1383 Ter.
782 1344 904 1382 Andr.
925 1346 1017 1384 805.
1036 1366 1090 1370 —
1112 1342 1224 1394 Quid
1239 1342 1411 1396 imiliter?
1441 1347 1535 1396 quid
1552 1344 1660 1396 agis?

173 1414 220 1452 cf.
252 1413 357 1451 infra
390 1414 482 1451 308.
516 1414 610 1451 405.
656 1413 771 1451 Truc.
806 1415 901 1452 850.
945 1414 1085 1452 Pseud.
1121 1415 1214 1452 274.
1247 1416 1342 1453 457.
1387 1414 1503 1453 Most.
1540 1416 1659 1453 1058.

171 1482 260 1520 Ter.
276 1482 376 1520 Eun.
398 1483 491 1519 271.
510 1483 603 1520 456.
632 1501 681 1507 —
711 1483 773 1520 19.
808 1478 953 1520 Nimis
974 1479 1117 1529 stuli&
1150 1483 1284 1521 amicis
1310 1484 1366 1521 ait
1396 1497 1484 1521 eum
1507 1485 1567 1522 uti
1596 1497 1661 1521 ne-

171 1551 282 1588 scire.
309 1570 362 1576 —
391 1551 508 1600 „quia
532 1548 651 1597 iam“‚
677 1564 723 1588 ex
753 1549 1025 1601 dittographia
1055 1555 1196 1600 ortum,
1227 1553 1338 1590 abest
1368 1551 1415 1590 ab
1441 1553 1487 1589 A.
1515 1571 1565 1577 -
1595 1553 1660 1589 20.

171 1615 396 1658 uisitabam
427 1619 478 1665 A,
525 1632 560 1656 v.
593 1618 781 1669 Geppert.
822 1619 932 1657 Stud.
965 1619 1004 1656 II
1043 1634 1080 1670 p.
1115 1622 1179 1658 86.
1218 1640 1272 1646 ——
1313 1622 1378 1659 21.
1420 1617 1661 1670 Neqotium,

135 1705 140 1711 ·
172 1701 224 1726 sc.
255 1701 315 1725 me
345 1687 563 1737 impedivit.
596 1707 651 1712 ——
682 1683 902 1734 Fe›·remn;
935 1688 1141 1738 compedes
1171 1689 1377 1739 significat,
1410 1692 1454 1727 ut
1483 1691 1662 1739 proximo

172 1769 288 1794 versu
311 1755 528 1804 Sagaristio
560 1758 780 1793 accuratius
811 1757 994 1806 explicat,
1025 1770 1066 1794 se
1095 1757 1214 1806 paulo
1243 1758 1332 1807 plus
1362 1771 1480 1807 quam
1520 1759 1663 1806 integri

173 1826 265 1862 anni
295 1828 450 1874 tempus
481 1824 521 1861 in
552 1825 719 1874 pistrino
750 1825 921 1862 vinctum
953 1825 1131 1862 servisse.
1201 1821 1528 1874 Praeferratum,
1570 1829 1596 1864 i.
1629 1839 1661 1864 e.

174 1893 278 1930 ferro
302 1893 507 1939 munitum,
540 1906 580 1930 se
604 1896 710 1930 recte
742 1892 849 1940 dicit,
881 1906 953 1930 nec
982 1894 1110 1931 minus
1142 1897 1247 1932 recte
1279 1892 1392 1944 apud
1415 1891 1564 1942 mola83
1595 1894 1664 1932 sed

174 1964 218 1998 ut
248 1960 389 1998 Pseud.
426 1961 531 1998 1100
563 1960 717 1998 iocandi
749 1975 865 1999 causa
895 1962 1016 1999 molas
1047 1975 1134 2000 cum
1165 1963 1318 2001 colonia
1348 1967 1569 2013 comparat,
1608 1964 1664 2001 sic

175 2029 212 2067 h.
235 2029 261 2067 l.
289 2028 339 2066 ad
371 2029 533 2067 eandem
563 2029 875 2077 similitudinem,
909 2032 1019 2080 quasi
1048 2031 1303 2081 praeferratus
1332 2031 1436 2069 idem
1467 2032 1517 2070 sit
1547 2034 1664 2082 atque

175 2097 395 2148 praefectus,
428 2093 639 2135 tribunum
669 2111 709 2135 se
741 2098 847 2145 dicit,
880 2098 948 2136 sed
981 2095 1233 2148 uapularem,
1267 2100 1413 2149 quippe
1446 2101 1512 2150 qui
1542 2113 1664 2149 vapu-

175 2166 257 2204 lare
288 2166 548 2213 consueverit,
581 2179 658 2203 non
689 2167 913 2205 militarem.
939 2187 994 2192 —
1022 2169 1086 2205 24.
1119 2163 1237 2217 Eryo
1268 2163 1410 2217 edepol
1430 2163 1583 2217 palles,
1616 2167 1663 2206 cf.

176 2233 297 2272 Mero.
332 2235 424 2272 368.
485 2233 644 2273 Servius
677 2233 725 2271 ad
757 2234 871 2284 Verg.
905 2235 988 2273 Ecl.
1021 2235 1066 2283 V,
1101 2237 1171 2273 58:
1222 2237 1412 2286 „Antiqui
1444 2230 1560 2286 ‘ergo’
1591 2249 1664 2286 pro

177 2297 341 2341 ‘merito'
381 2301 589 2340 dicebant“
633 2303 797 2340 laudans
836 2303 873 2341 h.
906 2303 931 2341 l.
974 2306 1013 2341 et
1052 2303 1136 2342 Mil.
1177 2305 1242 2343 63.
1287 2324 1342 2330 —
1389 2305 1454 2343 25.
1501 2299 1667 2354 Sayitta

177 2371 307 2409 media
337 2375 530 2420 correpta,
560 2385 595 2408 v.
614 2370 767 2421 Proleg.
791 2384 828 2421 p.
852 2372 943 2409 199.
1004 2371 1049 2409 R.
1080 2375 1227 2422 transp.
1264 2386 1356 2420 „cor
1387 2370 1579 2423 Cupido“.
1611 2391 1666 2397 —

179 2441 230 2478 26
272 2453 320 2477 ex
350 2440 383 2476 A
418 2440 638 2478 restitutus.
699 2435 841 2489 quasi,
880 2442 945 2487 ut,
986 2452 1022 2478 v.
1055 2439 1106 2477 ad
1135 2439 1279 2490 Amph.
1316 2442 1406 2479 159.
1452 2440 1537 2478 Mil.
1573 2442 1666 2479 392.

181 2504 340 2556 Titani,
378 2506 557 2545 secundae
599 2505 874 2544 declinationis
905 2507 1032 2545 forma
1062 2509 1234 2558 antiquis
1263 2509 1432 2556 usitata,
1473 2522 1508 2546 v.
1542 2508 1666 2546 Varro

178 2575 223 2614 L.
257 2575 302 2613 L.
334 2575 425 2622 VII,
461 2574 523 2613 16.
578 2575 656 2614 Cic.
687 2575 776 2613 Nat.
810 2575 917 2613 deor.
950 2575 1007 2624 11,
1041 2577 1112 2624 28,
1147 2578 1210 2615 70.
1245 2597 1296 2602 —
1333 2573 1397 2615 eis
1426 2578 1471 2614 A.
1505 2597 1559 2601 —
1601 2577 1665 2613 27.

179 2643 245 2683 sat
282 2645 400 2681 etiam
430 2644 477 2681 A.
553 2643 701 2682 Charis.
741 2657 780 2694 p.
818 2644 915 2681 193:
975 2643 1103 2692 „Satis
1140 2646 1330 2694 accipitur
1369 2645 1445 2681 ἀντὶ
1482 2646 1545 2682 τοῖν
1581 2657 1666 2694 par.

181 2711 355 2750 Lucilius
386 2711 614 2750 Saturarum
645 2711 682 2749 I:
729 2714 812 2758 cui,
845 2713 878 2750 si
910 2712 1107 2759 coniuret,
1144 2713 1314 2764 populus
1345 2715 1412 2751 vix
1441 2707 1540 2751 totu'
1572 2713 1667 2750 satis

181 2776 270 2818 sitf‘
332 2778 432 2818 Gell.
464 2779 509 2827 V,
543 2782 579 2828 5,
613 2782 655 2818 4:
709 2780 923 2827 „Putasne,
963 2780 1115 2830 inquit,
1157 2782 1324 2819 conferri
1354 2793 1468 2832 posse
1500 2794 1544 2818 ac
1573 2782 1667 2818 satis

280 2853 318 2880 v.
1353 2856 1398 2889 27
