2009 3218
838 221 877 255 V.
909 224 1093 258 148—190.
1631 229 1706 268 621

224 348 314 385 165.
354 342 537 386 Habitus
567 344 644 395 Sit,
686 345 792 387 lame
829 352 964 400 scripsi
999 356 1036 389 et
1068 350 1152 390 iam
1185 352 1317 389 addidi
1351 357 1440 403 post
1475 351 1709 400 „muicam‘ss

221 413 506 465 querimonias
538 417 639 453 enim
673 421 778 454 recte
811 417 934 464 Cam,
983 433 1051 457 nec
1091 421 1392 472 improbassem.
1440 422 1545 471 quod
1586 422 1711 459 edidit.

223 497 371 529 „meras
403 485 710 534 querimonias‘'‚
751 486 824 523 nisi
856 488 1119 536 corruptelam
1159 488 1336 526 codicum
1368 502 1414 526 ex
1446 489 1711 539 dittographia

217 556 341 589 ortam
382 556 576 602 putarem.
645 550 806 601 deterre
837 554 976 592 Kiessl.
1017 575 1071 580 —
1119 558 1208 594 166.
1247 555 1564 605 properauistis
1602 558 1707 596 Cam.

215 621 276 658 Ad
307 621 542 658 sententiam
576 622 622 659 cf.
657 623 764 660 Asin.
798 623 897 660 175:
937 623 1058 670 „Mihi
1091 624 1249 673 quidem
1282 629 1320 662 te
1351 639 1512 675 parcere
1545 641 1708 677 aequom

217 692 276 726 est
305 689 462 726 tandem
495 694 540 727 ut
571 689 644 727 tibi
685 690 821 727 durem
862 687 970 729 diu“.
1011 711 1063 716 —
1110 693 1198 729 167.
1240 690 1473 731 incolumis.
1521 695 1707 734 Schoell.:

220 771 291 803 „an
339 756 552 796 οοΙοωὶεῬιι
602 772 635 795 v.
677 758 725 795 nd
764 758 882 796 Most.
927 760 1019 797 750.
1062 780 1112 785 --
1164 761 1254 798 168.
1305 757 1392 810 Quo
1438 759 1711 812 armamento?

216 825 402 873 Scaliger,
436 827 482 864 cf.
516 827 565 864 ad
595 827 705 864 Asin.
734 827 827 864 300.
860 845 913 852 —
951 829 1040 866 169.
1064 824 1205 876 potist
1235 828 1353 876 Cam„
1390 829 1543 881 .‚potis“
1564 833 1707 869 Kiessl.

216 894 296 932 tam
327 891 375 931 id
405 894 485 945 Sp.,
527 896 574 932 cf.
612 896 702 940 171,
744 908 831 932 ann.
865 896 913 933 ad
944 896 1033 933 Aul.
1069 897 1162 934 229.
1195 916 1250 922 —
1282 895 1439 936 amicae
1470 900 1530 937 ed.
1564 913 1622 949 pr.
1655 921 1709 926 —

219 963 308 1000 170.
342 959 486 1009 αἶ’ῖίενς
520 964 630 1001 Acid.
667 961 842 1011 „elizei-“3
874 963 942 1001 sed
975 965 1020 1002 cf.
1055 964 1103 1001 ad
1135 965 1275 1015 Amph.
1306 967 1397 1003 571.
1448 966 1584 1005 Pseud.
1613 970 1706 1007 802.

213 1030 322 1068 Trin.
355 1032 422 1069 47.
457 1051 504 1057 -—
545 1033 635 1070 171.
676 1031 956 1070 uetera-amase
987 1032 1213 1071 Saracenus.
1284 1034 1368 1072 tam
1399 1035 1476 1084 Sp.,
1511 1038 1571 1074 cui
1604 1039 1708 1087 quod

219 1097 414 1145 ,‚homini“
451 1100 647 1150 adiungit,
694 1113 835 1151 parum
874 1104 1010 1151 aptum
1050 1105 1128 1150 est3
1174 1107 1401 1153 corrupt-um
1448 1105 1617 1151 „omini“
1662 1120 1708 1143 ex

212 1169 394 1218 proximo
426 1181 507 1206 voc.
542 1170 640 1206 male
674 1171 823 1219 scripto
857 1174 987 1207 ortum
1018 1170 1187 1209 videtur.
1221 1191 1275 1196 —
1311 1174 1400 1210 172.
1437 1183 1508 1222 690
1541 1172 1707 1212 omnino

214 1236 302 1274 add.
321 1236 426 1273 Brix.
482 1233 616 1275 occidi
638 1237 754 1275 idem.
807 1235 930 1276 aedes
954 1239 1105 1288 scripsi,
1137 1253 1226 1277 nam
1254 1241 1420 1290 pluralis
1444 1244 1708 1281 nominativus

213 1306 450 1354 requiritur,
490 1319 524 1343 v.
562 1307 651 1344 175.
690 1307 780 1344 184.
815 1307 907 1344 212.
951 1327 1003 1331 --
1047 1308 1137 1345 173.
1178 1318 1274 1359 erqo
1313 1313 1351 1347 et
1380 1306 1522 1359 iynoto
1554 1311 1613 1348 ed.
1646 1326 1704 1362 pr.

212 1392 266 1397 -
288 1374 377 1411 174.
412 1370 444 1411 Ι
467 1371 599 1422 intro,·
628 1370 742 1414 haud
771 1378 810 1412 et
840 1385 884 1413 es
915 1375 989 1423 id.;
1022 1376 1068 1413 cf.
1102 1376 1208 1415 Trin.
1237 1378 1273 1414 3.
1309 1397 1357 1403 —
1397 1379 1486 1416 176.
1519 1375 1638 1417 melle
1659 1380 1705 1417 A.

210 1461 266 1466 —
286 1443 376 1479 177.
411 1437 540 1481 Facta
556 1443 601 1479 A.
649 1437 746 1489 felle
763 1447 803 1481 et
820 1440 964 1482 acerbo
981 1444 1033 1481 id.
1054 1464 1108 1469 —-
1129 1446 1220 1483 178.
1252 1441 1319 1483 Eo
1336 1447 1381 1484 A.
1430 1457 1572 1485 amara
1590 1447 1705 1486 idem.

210 1506 332 1560 fertis
370 1510 603 1552 Schoellius.
642 1531 696 1537 —
739 1514 815 1550 179
855 1513 995 1550 misere
1034 1517 1243 1564 corruptus
1281 1515 1320 1552 in
1360 1518 1526 1565 utraque
1565 1517 1705 1555 fabulae

210 1579 448 1617 recensione.
508 1580 696 1618 Extrema
730 1594 802 1619 vox
840 1594 887 1618 ex
924 1582 1105 1632 proximo
1142 1595 1257 1620 versu
1297 1584 1504 1632 irrepsisse
1536 1585 1704 1624 videtur.

211 1647 252 1685 Si
276 1657 358 1685 non
383 1644 546 1687 danunt
569 1662 703 1686 verum
729 1652 800 1697 est,
830 1663 990 1687 necesse
1015 1654 1074 1688 est
1096 1651 1291 1688 scribatur
1319 1648 1519 1690 Amantes
1548 1650 1589 1690 si
1619 1650 1703 1703 qui.

209 1714 398 1753 Extrema
423 1717 590 1766 exempli
615 1730 731 1755 causa
755 1719 992 1766 consignavi,
1022 1723 1066 1755 ut
1081 1719 1189 1756 locus
1206 1720 1515 1768 intelligeretur;
1548 1720 1704 1760 Schoel-

210 1784 284 1821 lius
316 1798 471 1823 versum
502 1786 692 1823 excidisse
722 1790 850 1836 putat.
878 1805 933 1811 ——-
964 1787 1055 1824 180.
1088 1797 1178 1826 mea
1210 1783 1456 1837 belziynitas.
1520 1789 1584 1839 Sp.
1613 1803 1703 1828 con-

209 1855 301 1891 fert:
341 1867 448 1897 „mea
473 1854 677 1901 festivitas,
706 1854 973 1901 commoditas,
1003 1857 1298 1903 opportunitas,
1326 1855 1582 1904 amoenitas“,
1615 1857 1701 1896 Cas.

214 1924 305 1960 552.
361 1921 463 1959 Men.
501 1922 590 1959 139.
640 1922 756 1959 Poen.
792 1924 884 1960 362.
919 1923 1014 1960 419.
1062 1922 1189 1960 Etiam
1228 1938 1339 1971 „mea
1369 1923 1526 1976 pietas“
1561 1926 1721 1964 Bacch..

213 1991 332 2035 1176,
364 1991 506 2041 saepius
542 2004 649 2036 „mea
680 1988 904 2040 uoluptas“.
938 2011 992 2015 —-
1025 1988 1161 2029 decuit
1192 1993 1235 2029 A.
1269 2012 1322 2018 —-
1365 1995 1455 2032 181.
1486 1990 1625 2044 [seniis
1657 1996 1701 2042 A,

209 2057 255 2095 cf.
290 2057 394 2095 Pers.
434 2059 524 2096 109.
559 2078 610 2083 —-
641 2056 919 2107 parcepromi,
961 2060 1027 2108 qui
1065 2068 1184 2109 parce
1215 2065 1254 2098 et
1284 2073 1385 2110 aegre
1416 2067 1614 2112 promunt,
1655 2064 1700 2101 cf.

208 2125 350 2164 Pseud.
387 2128 506 2165 1266.
547 2146 600 2151 -——
644 2128 719 2164 182
754 2130 859 2164 recte
892 2128 936 2164 A.
998 2123 1221 2176 inlecebra,
1255 2130 1301 2167 cf.
1336 2132 1428 2168 749.
1477 2130 1572 2168 Cist.
1608 2133 1701 2170 270.

207 2214 262 2219 —
307 2195 396 2233 183.
440 2205 563 2244 quam
594 2196 741 2245 optime
773 2209 844 2233 em.
878 2195 1056 2245 Seyffert.
1090 2197 1233 2235 Philol.
1266 2197 1399 2235 XXIX
1439 2214 1475 2249 p.
1511 2200 1611 2246 409,
1653 2200 1700 2238 cf.

208 2263 351 2312 Amph.
386 2264 477 2301 295.
526 2262 610 2301 Cas.
647 2264 739 2301 794.
787 2263 904 2302 Poou.
941 2265 1032 2302 322.
1065 2285 1119 2290 —
1155 2266 1245 2303 184.
1278 2260 1406 2312 fundi
1435 2267 1475 2306 et
1504 2265 1628 2306 aedes
1654 2269 1700 2306 A.

208 2351 261 2356 —
295 2332 386 2370 185.
420 2341 500 2381 per
526 2331 697 2380 tempus,
733 2346 766 2369 v.
794 2332 842 2368 ad
868 2332 984 2370 Poen.
1016 2334 1106 2371 135.
1142 2352 1190 2358 —
1228 2333 1372 2386 „mihi“
1407 2339 1514 2373 recte
1546 2349 1619 2374 om.
1653 2337 1699 2384 A,

207 2399 254 2437 cf.
287 2399 394 2438 Pers.
430 2400 495 2437 39.
529 2412 650 2449 supra
682 2400 730 2437 ad
758 2402 848 2437 116.
911 2401 1182 2440 Fleckeisenio
1199 2402 1298 2440 Ann.
1318 2403 1413 2452 phil.
1433 2402 1538 2441 CVII
1563 2417 1599 2453 p.
1621 2406 1700 2443 504

207 2469 464 2505 necessarium
506 2468 726 2505 videbatur.
771 2488 818 2493 —
865 2467 956 2515 „ut“
1002 2482 1075 2506 om.
1109 2471 1155 2507 A.
1195 2490 1251 2495 —-
1294 2472 1384 2509 187.
1425 2468 1586 2510 melius.
1634 2472 1698 2522 Sp.

207 2536 359 2573 confert
389 2535 484 2573 Cist.
519 2537 592 2573 74:
644 2537 744 2583 „erit
782 2537 846 2573 isti
885 2537 1022 2574 morbo
1061 2537 1238 2577 melius“.
1288 2540 1376 2578 add.
1410 2539 1488 2577 Cic.
1522 2540 1636 2578 Tusc.
1669 2541 1697 2587 I,

209 2604 274 2651 35,
308 2605 370 2642 86.
409 2624 456 2629 —
490 2600 581 2652 fore
610 2613 732 2652 spero
764 2604 801 2641 tc
831 2600 904 2641 ubi
935 2605 980 2641 A.
1016 2624 1067 2630 -—
1111 2607 1202 2645 189.
1248 2605 1467 2655 „uolimus“
1501 2609 1535 2645 A
1566 2608 1627 2645 hic
1660 2612 1700 2645 et

206 2670 345 2709 Pseud.
381 2673 479 2719 234;
513 2678 744 2721 receperunt
776 2671 840 2721 Sp.
874 2672 959 2710 Sch.
994 2691 1045 2698 --·
1081 2675 1171 2713 190.
1203 2686 1334 2726 ‘neque
1364 2676 1603 2716 aestuamur
1631 2673 1700 2714 ira

206 2742 244 2775 et
274 2739 358 2788 ipse
389 2740 482 2777 olim
513 2741 752 2779 conieceram
784 2743 822 2777 et
854 2740 1063 2790 Kiessling.
1096 2743 1196 2780 Ann.
1229 2744 1324 2794 phil.
1356 2744 1498 2782 XCVII
1528 2758 1566 2794 p.
1596 2745 1696 2792 6273

210 2806 479 2853 „aestuamus“
515 2809 660 2846 scribat
701 2822 814 2857 quem
855 2809 1016 2846 offendit
1056 2811 1158 2859 quod
1197 2811 1268 2858 hoc
1307 2812 1467 2849 verbum
1500 2826 1575 2849 non
1607 2812 1699 2850 alibi
