2009 3218
349 232 428 269 594
966 223 1210 258 Trinummus.

348 354 609 403 ‹littographia
645 349 881 390 Adamante
919 353 1069 400 scripsi.
1137 349 1181 389 i‘n
1217 346 1440 399 Cercopum
1476 347 1618 388 insula
1649 351 1713 388 ΒΓ.
1745 365 1829 389 cum

347 421 543 459 Fritschio
574 420 687 456 Anal.
721 419 779 456 Pl.
811 419 848 455 II
879 433 916 469 p.
955 420 1016 464 lo,
1050 419 1074 454 i.
1107 432 1138 456 e.
1172 421 1209 456 in
1242 420 1442 456 simiarum
1473 419 1610 464 insula,
1651 419 1696 456 cf.
1727 418 1828 456 Har-

343 493 491 540 pocrat.
530 501 567 537 p.
614 489 688 524 110
732 486 779 523 de
828 486 1085 537 Cercopibus:
1142 488 1344 536 Ξεναγόρας
1389 486 1438 528 εἷς
1483 481 1680 530 πιθήκουζ
1707 486 1830 530 αὐτοὺς

341 558 549 605 μεταβαλεῖν
580 557 680 601 φησί,
722 556 781 590 καὶ
818 556 878 597 τὰς
920 558 1179 601 Πιθηκούσσας
1216 557 1344 600 νήσους
1386 555 1446 590 ἀπ’
1488 555 1603 591 αὐτῶν
1643 557 1828 600 κληθῆναι.

344 626 525 662 ceterum
566 624 670 673 quod
711 623 791 660 haec
823 637 906 660 cum
940 625 1016 661 901
1053 637 1229 673 pugnare
1261 623 1464 669 videntur,
1506 622 1551 660 R.
1584 623 1646 660 hic
1676 636 1831 674 quoque

345 692 539 731 excidisse
578 692 749 741 putabat
786 693 910 741 prima
944 691 1160 728 Charmidae
1192 691 1328 736 verba,
1368 692 1493 728 velut:
1552 691 1719 737 „Hercle
1757 705 1831 728 me-

346 774 490 799 morem
521 764 771 809 nugatorem:
805 759 919 796 modo
953 761 1019 808 qui
1043 760 1098 796 fui
1124 761 1162 796 in
1189 759 1376 804 Seleucia,
1409 758 1464 797 Ut
1486 759 1553 796 ille
1579 759 1830 805 memorabat,

346 830 529 866 nimirum
569 841 670 864 nunc·
712 841 795 864 sum
836 829 875 864 in
914 826 1105 875 Cecropia
1137 825 1304 864 insula“.
1338 846 1390 852 —
1429 827 1522 863 930.
1561 823 1831 874 disconducit,

347 898 480 943 obest,
514 896 574 932 ἄη,
607 898 676 944 λεγ.
721 915 770 920 —
822 891 934 942 Quid
962 891 1052 931 ais?
1098 899 1209 940 cett.,
1257 895 1303 931 cf.
1338 892 1605 932 Pseud.'479.
1647 914 1696 920 --
1741 895 1832 933 931.

349 962 584 1003 mirimodis
615 964 770 1013 scripsit
801 962 984 1004 Guietus,
1025 963 1071 999 cf.
1110 963 1173 999 ΒΓ.
1214 983 1268 987 -—
1307 964 1399 1000 933.
1441 959 1602 1000 aduecto?
1633 958 1834 1001 Arabiam

348 1035 434 1084 Sp.‚
478 1033 522 1070 cf.
555 1031 735 1069 Mueller.
770 1031 876 1068 Pros.
912 1044 949 1080 p.
984 1032 1076 1068 433.
1119 1045 1206 1068 ann.
1242 1032 1289 1067 ad
1322 1031 1432 1068 Curc.
1468 1032 1560 1068 206.
1622 1031 1726 1069 Cam.
1762 1033 1833 1079 „ad

349 1099 576 1139 Arabiam“.
602 1119 657 1124 -
689 1101 781 1136 934.
815 1095 910 1136 Elio
943 1108 1008 1144 cm,
1042 1099 1088 1136 cf.
1107 1099 1223 1136 Most.
1248 1101 1337 1136 173.
1371 1100 1469 1136 infra
1500 1101 1591 1136 942.
1621 1100 1713 1137 943.
1742 1101 1832 1138 986.

350 1171 456 1207 Pers.
492 1170 585 1206 482.
636 1168 774 1204 Pseud.
810 1168 902 1204 972.
951 1166 1072 1204 Such.
1106 1169 1196 1205 248.
1231 1188 1283 1192 —
1313 1163 1394 1205 ubi.
1444 1167 1501 1205 Ex
1533 1181 1663 1205 errore
1694 1169 1836 1206 codicis

349 1240 380 1276 B
413 1238 456 1276 R.
494 1235 630 1285 ,‚cubi“
668 1249 783 1272 ausus
816 1239 885 1272 est.
920 1256 971 1259 —
1006 1237 1096 1273 935.
1140 1232 1397 1284 apsinthium
1428 1237 1486 1272 ed.
1518 1249 1601 1285 pr.;
1634 1236 1833 1274 Ponticum

352 1311 626 1344 commemorat
668 1304 764 1340 Plin.
798 1302 967 1348 XXVII,
1009 1306 1058 1340 45
1104 1317 1254 1353 „neque
1294 1303 1399 1341 aliud
1438 1302 1714 1354 praestantius“
1755 1317 1835 1342 esse
1867 1312 1873 1315 '

352 1376 494 1413 dicens.
527 1393 581 1399 —-
613 1368 763 1417 mutila,
797 1373 926 1416 κονίλη.
995 1371 1094 1408 Plin.
1126 1372 1217 1417 XX,
1257 1373 1330 1409 169
1364 1386 1440 1422 sq.:
1493 1372 1663 1413 „Cunilae
1693 1377 1836 1422 praeter
1901 1397 1906 1402 .

351 1445 517 1481 sativam
549 1442 663 1490 plura
694 1444 785 1477 sunt
816 1441 855 1476 in
887 1440 1077 1477 medicina
1109 1451 1263 1487 genera.
1327 1441 1420 1486 Quae
1444 1440 1591 1478 bubula
1615 1441 1836 1491 appellatur

355 1541 471 1549 .....
499 1510 572 1547 Est
604 1510 680 1546 alia
712 1509 861 1554 cunila,
903 1508 1122 1555 gallinacea
1154 1509 1352 1558 appellata
1384 1511 1550 1553 nostris,
1584 1508 1728 1546 Graecis
1757 1509 1833 1546 ori-

353 1593 494 1630 ganum
539 1575 868 1614 Heracleotium“.
946 1576 1133 1614 Heraclea
1172 1581 1300 1614 autem
1339 1577 1501 1614 Pontica
1539 1581 1610 1614 est.
1650 1597 1703 1603 —
1744 1578 1835 1615 936.

353 1645 458 1685 hunc
489 1647 562 1683 del.
598 1646 655 1691 R„
690 1649 795 1681 recte
827 1645 955 1689 credo,
989 1645 1035 1682 cf.
1076 1647 1191 1683 1024.
1227 1665 1273 1670 -
1318 1643 1595 1693 insipientior,
1637 1646 1682 1683 cf.
1720 1646 1841 1696 1057..

354 1717 493 1765 Amph.
530 1717 593 1752 56.
627 1728 713 1752 ann.
759 1733 805 1738 —
851 1715 942 1750 938.
983 1710 1086 1750 Nisi
1117 1710 1226 1762 quia,
1259 1714 1303 1750 cf.
1339 1713 1387 1749 ad
1410 1714 1498 1751 Aul.
1528 1715 1620 1751 357.
1653 1733 1706 1739 -—
1746 1714 1835 1751 939.

359 1781 592 1831 .,aduortas“
636 1783 740 1819 Cam.
773 1786 863 1818 cett.
904 1786 948 1819 ut
987 1782 1086 1828 8973
1133 1781 1201 1818 sed
1238 1785 1448 1830 utrumque
1490 1782 1566 1819 dici
1603 1786 1746 1832 potest.
1784 1801 1838 1808 -—

356 1854 449 1891 940.
483 1850 554 1901 qui
586 1851 770 1895 Guietu83
804 1850 847 1887 R.
882 1863 965 1887 cum
1001 1850 1250 1887 Lachmanno
1286 1863 1389 1899 „quo
1421 1850 1469 1887 ad
1502 1863 1522 1887 e
1554 1848 1703 1896 caelo“,
1735 1851 1838 1900 quod

356 1925 570 1970 concoquat
604 1920 669 1967 qui
701 1920 835 1969 possit.
870 1938 922 1942 —
957 1919 1048 1955 941.
1087 1930 1105 1953 e
1137 1918 1224 1955 add.
1261 1918 1416 1956 Pareus.
1451 1938 1503 1943 —
1543 1919 1637 1956 942.
1668 1913 1836 1964 horiola,

356 1990 584 2032 Saracenus,
617 1990 639 2024 i.
674 2001 704 2023 e.
739 1988 869 2032 lintre,
904 2000 938 2022 v.
974 1988 1021 2023 ad
1043 1987 1151 2023 Ruel.
1187 1988 1278 2024 899.
1321 2007 1373 2012 ——
1413 1988 1506 2024 944.
1548 1983 1660 2024 Eum
1690 1982 1765 2024 alii
1795 1981 1839 2024 di

359 2057 442 2095 e'SSe
489 2055 545 2094 (ed
588 2053 731 2094 uillam
780 2052 942 2095 aibant,
996 2055 1171 2092 Acidalio
1224 2060 1425 2104 praeeunte
1473 2055 1601 2092 Herm.
1651 2074 1697 2080 -·-
1746 2054 1836 2092 945.

359 2122 523 2164 Deinde
561 2125 711 2162 Camer.
749 2123 935 2160 Vel-suum
977 2124 1168 2160 944—49
1216 2124 1327 2160 initia
1367 2124 1403 2160 in
1443 2123 1653 2174 archetypo
1697 2123 1838 2173 partim

358 2197 608 2239 evanuerant,
636 2192 737 2230 unde
764 2193 800 2228 in
822 2191 881 2229 BC
898 2193 1129 2242 corruptelae
1154 2197 1191 2228 et
1216 2192 1373 2229 laounae.
1435 2193 1526 2230 946.
1563 2188 1690 2229 Taceo
1707 2199 1778 2240 6510
1794 2189 1836 2228 R.

362 2282 408 2287 —-
443 2263 502 2299 est
532 2258 749 2299 ¹molestum
781 2260 824 2297 R.
859 2273 942 2297 cum
975 2259 1058 2296 cod.
1093 2260 1198 2309 Lips.
1239 2280 1292 2284 —
1333 2261 1425 2297 947.
1466 2256 1681 2308 Deputare
1711 2259 1755 2297 R.
1786 2277 1840 2285 —

360 2331 453 2367 948.
506 2326 758 2367 C'atamitum
797 2325 908 2366 haud
947 2328 1114 2377 Buggius
1153 2327 1306 2365 Tidskr.
1347 2329 1371 2365 f.
1405 2328 1544 2365 Philol.
1586 2327 1658 2365 VII
1697 2340 1734 2377 p.
1774 2327 1838 2364 29.

360 2400 485 2444 Quum
519 2400 617 2434 enim
657 2410 773 2434 senex
805 2410 838 2433 V.
873 2397 951 2433 946
994 2393 1194 2443 pudicum
1233 2409 1318 2432 eum
1362 2409 1442 2433 esse
1482 2400 1671 2445 negasset,
1712 2395 1752 2432 id
1781 2397 1841 2431 est

362 2465 640 2516 impudentiam
675 2467 756 2502 cius
789 2468 1018 2510 accusasset,
1059 2477 1093 2500 v,
1127 2464 1175 2501 ad
1209 2466 1300 2506 699,
1341 2463 1594 2513 sycophanta,
1635 2463 1743 2513 quasi
1773 2463 1840 2498 im-

361 2534 587 2584 pudicitiam
627 2537 984 2577 commemorasset,
1034 2527 1301 2577 C'atamitum,
1350 2533 1373 2569 i.
1407 2545 1439 2568 e.
1482 2530 1747 2580 Ganymedem
1785 2525 1838 2579 (v.

363 2602 409 2638 ad
436 2601 537 2638 Men.
571 2600 677 2647 146),
718 2603 782 2649 qui
816 2603 898 2637 eius
931 2602 984 2637 rei
1017 2613 1132 2638 causa
1163 2614 1183 2637 a
1216 2605 1322 2637 terra
1353 2600 1400 2636 ad
1433 2599 1567 2636 caelum
1600 2601 1839 2649 pervenerat,

363 2684 447 2707 cum
489 2669 589 2706 nolle
631 2668 735 2704 dicit.
812 2668 1043 2718 Spengclius
1074 2674 1225 2706 tamen:
1276 2667 1456 2713 „Faciam
1498 2669 1551 2704 ita
1590 2672 1633 2704 ut
1672 2671 1711 2702 te
1741 2664 1840 2703 uelle

365 2736 519 2782 uideo“,
562 2738 608 2774 ef.
654 2736 757 2773 Pers.
794 2738 885 2773 650.
932 2756 980 2761 -—
1022 2739 1114 2774 949.
1159 2735 1267 2784 (etms
1306 2735 1414 2772 Acid.
1455 2755 1505 2760 —-
1548 2737 1640 2772 950.
1681 2741 1842 2781 eumpse

369 2807 539 2843 Limia-m.
589 2825 639 2829 --
687 2807 778 2841 952.
827 2801 1014 2841 Noricus
1054 2805 1235 2841 Guiums:
1287 2803 1348 2848 R.,
1391 2803 1449 2839 uui
1491 2803 1567 2839 hm(-
1607 2804 1729 2838 forma
1769 2812 1842 2837 nou
