2009 3218
736 195 776 230 V.
803 196 993 232 648-687.
1534 201 1610 240 551

125 319 315 364 redeunti
336 323 550 370 Acidaliae,
576 323 682 372 quod
706 336 753 360 ne
777 323 942 361 calidius
966 338 1050 362 cum
1068 324 1114 362 R.
1132 325 1357 374 receperim,
1382 338 1535 363 vereor.
1564 346 1611 351 -—

129 393 221 431 672.
252 387 377 429 Bona
407 400 557 430 scaeua
588 390 821 439 strenaque,
854 404 890 428 v.
910 392 957 428 ad
976 392 1068 430 463.
1091 411 1138 417 -
1167 387 1332 430 obuiam
1355 392 1613 431 Camerarius.

243 595 335 633 673.
377 593 636 645 Stephanium
669 608 716 632 ex
747 594 960 645 Epignomi
991 595 1139 633 aedibus
1171 597 1262 642 exit,
1297 610 1374 646 quo
1406 597 1454 635 ad
1485 610 1617 634 cenam

129 662 391 714 apparandum
438 663 623 700 arcessita
664 666 759 700 erat.
836 663 1078 713 Septenariis
1119 663 1294 700 iambicis
1331 665 1519 714 loquitur.
1563 685 1618 690 —

131 732 222 769 675.
253 739 350 768 nam
383 730 472 768 add.
504 730 550 768 R.
582 750 638 756 —
669 728 876 781 quoniam,
908 744 945 768 v.
978 730 1028 768 ad
1060 731 1169 769 Asin.
1207 732 1297 769 347.
1330 752 1385 758 ——
1419 734 1510 770 676.
1542 729 1615 782 Ip-

129 808 268 838 sarum
312 797 485 836 Studem.
525 799 626 837 Ann.
665 799 761 849 phil.
804 798 930 837 CXIII
974 813 1011 849 p.
1055 800 1120 837 73.
1168 819 1222 823 —
1269 801 1347 837 680
1394 804 1616 851 corruptus.

127 866 346 905 Edebatur:
385 869 585 913 „ceterum
619 879 691 915 ego
723 867 894 905 curando
920 867 959 904 id
984 863 1207 916 adlegaui“,
1240 867 1288 904 ad
1313 881 1398 918 quae
1422 870 1454 906 si
1477 867 1613 915 „eum“

129 934 283 981 audias,
320 947 444 985 prava
475 936 669 972 sententia
700 937 795 984 erit,
835 948 925 972 nam
957 935 1136 981 Stichus,
1169 947 1246 972 non
1277 934 1544 985 Stephanium,
1579 940 1618 974 et

128 1003 295 1042 convivii
327 1006 466 1040 auctor
491 1007 551 1040 est
577 1007 616 1040 et
639 1003 744 1040 solus
769 1007 996 1052 opsonatur,
1029 1016 1064 1040 v.
1085 1004 1165 1041 440
1183 1016 1240 1053 sq.
1301 1003 1442 1053 Itaque
1472 1018 1544 1042 nec
1570 1006 1616 1043 R.

132 1075 323 1120 „ceterum
341 1071 379 1108 id
405 1070 578 1108 curando
602 1072 771 1122 aliquem
797 1068 1002 1121 adlegaui“
1032 1071 1218 1118 scribens,
1251 1085 1321 1110 nec
1339 1071 1496 1110 Goetz.:
1533 1087 1617 1120 „ce-

127 1144 254 1178 terum
284 1139 457 1177 curando
489 1139 529 1176 id
561 1153 622 1177 me
655 1138 896 1190 adlegauit“,
937 1153 1072 1179 verum
1103 1141 1355 1188 invenerunt3
1401 1154 1489 1178 nam
1525 1140 1612 1188 ‚,id“

129 1207 176 1246 ad
206 1208 476 1257 opsonandum
507 1207 754 1246 referendum
787 1212 864 1257 est-3
903 1208 966 1246 hic
1005 1211 1223 1246 ceterorum
1264 1221 1357 1245 cura
1387 1210 1616 1258 requiritur,

129 1288 246 1326 quare
283 1289 361 1313 non
401 1275 538 1314 dubito
576 1278 671 1326 quin
710 1277 886 1315 ceterum
925 1287 996 1326 890
1037 1286 1176 1314 curam
1208 1276 1372 1314 Plautus
1403 1279 1616 1328 scripserit.

127 1343 291 1394 Reliqua
322 1346 444 1394 magis
476 1344 607 1382 dubia.
669 1344 890 1394 Adlegandi
920 1345 1081 1382 verbum
1110 1341 1174 1393 (cf.
1193 1344 1334 1394 Amph.
1361 1346 1453 1384 667.
1499 1346 1616 1397 Epid.

129 1408 226 1461 426)
258 1412 306 1449 ab
338 1412 410 1450 hoc
440 1413 526 1451 loco
558 1413 727 1450 alienum
753 1416 822 1451 est.
883 1413 1097 1463 Assumpto
1123 1426 1170 1449 ex
1195 1412 1222 1450 C
1248 1410 1447 1462 adl‘l'yaui,
1480 1416 1619 1465 scripsi

127 1476 228 1518 mihi
256 1490 306 1527 a.,
349 1482 461 1530 quasi
493 1481 588 1518 mihi
619 1482 794 1528 attribui,
828 1482 874 1519 cf.
901 1481 1078 1519 Graecum
1112 1482 1331 1530 περιάπτειν.
1392 1481 1492 1520 Olim
1526 1497 1616 1521 con-

126 1549 311 1586 ieceram:
349 1553 545 1595 „ceterum
578 1563 649 1599 ego
683 1563 815 1587 curam
848 1549 953 1587 domi
985 1551 1020 1586 ei
1052 1547 1224 1588 leuaui“.

239 1753 332 1791 682.
379 1753 611 1792 Convivium
649 1769 726 1793 non
764 1755 804 1792 in
844 1758 1010 1804 angusta
1042 1755 1220 1803 Sangarii
1260 1756 1358 1794 cella
1395 1755 1618 1803 habebitur,

128 1821 193 1858 sed
225 1825 316 1859 ante
349 1823 470 1870 aedes,
512 1827 555 1860 ut
587 1827 768 1872 spectent
799 1826 1054 1873 spectatores.
1116 1823 1174 1861 Eo
1206 1838 1246 1861 se
1277 1825 1485 1861 conferunt-
1516 1825 1619 1861 servi

128 1903 212 1927 cum
249 1890 346 1928 cado
384 1892 467 1929 vini
505 1893 746 1941 ceterisque3
796 1905 840 1928 ac
886 1905 933 1928 ne
974 1893 1068 1941 quid
1115 1894 1294 1930 convivio
1342 1893 1462 1939 desit,
1510 1893 1620 1931 adest

128 1958 243 1996 etiam
282 1954 432 1997 tibicen
469 1959 727 1997 histrionibus
768 1964 948 2006 cantans,
996 1973 1108 2009 quem
1156 1974 1233 1998 non
1278 1965 1493 2010 gravantur
1538 1962 1620 1998 vini

126 2027 354 2076 participem
386 2027 526 2075 facere,
560 2042 595 2065 v,
630 2029 711 2065 714
744 2032 782 2065 et
813 2030 906 2066 756.
982 2027 1207 2066 Troohaicis
1239 2029 1472 2078 septenariis
1504 2043 1620 2067 scena

127 2094 273 2144 scripta
302 2098 379 2141 est3
427 2095 512 2143 sed,
561 2096 664 2145 quod
697 2096 908 2133 dolendum
940 2099 1017 2143 est,
1057 2109 1133 2133 non
1171 2110 1297 2146 pauca
1335 2097 1454 2134 dubia
1484 2097 1617 2137 habet.

123 2171 328 2210 pompam,
359 2176 394 2201 v.
429 2163 478 2200 ad
509 2164 649 2202 Bacch.
687 2166 775 2202 112.
810 2185 865 2189 —
898 2165 988 2202 683.
1027 2160 1226 2202 Omnibus
1256 2161 1394 2202 modis
1425 2168 1543 2203 etiam
1570 2167 1616 2204 A.

127 2229 173 2268 R.
206 2244 289 2268 cum
322 2231 518 2281 Scaligero
555 2231 846 2279 „Omnimodis“
882 2233 1118 2270 Lucretiano
1150 2233 1353 2271 vocabulo.
1423 2233 1532 2271 Nihil
1563 2236 1619 2272 in-

127 2300 319 2335 tentatum
351 2300 559 2349 relinquet.
592 2321 648 2326 ——
681 2302 759 2338 684
792 2300 925 2338 Sticho
953 2301 1043 2338 dedi
1068 2314 1154 2338 cum
1179 2301 1332 2338 Bothio.
1395 2298 1620 2351 accipimur

129 2369 167 2404 et
195 2364 420 2415 recipimur
450 2367 637 2416 Guietus3
669 2379 790 2418 quom
820 2382 892 2418 pro
920 2367 1155 2418 „quoniam“
1183 2369 1312 2417 Cam.;
1336 2371 1370 2406 A
1396 2370 1538 2408 deficit.
1566 2391 1614 2396 —

130 2435 206 2473 685
240 2449 420 2474 numeros
452 2436 617 2474 excedit.
678 2437 724 2474 R.
761 2435 883 2484 „Qui“
918 2450 992 2486 pro
1029 2432 1251 2487 Quisquis,
1295 2438 1397 2486 quod
1430 2440 1547 2476 etiam
1579 2440 1619 2476 in

129 2503 162 2540 A
191 2503 357 2553 legitur3
392 2515 462 2552 ego
497 2502 638 2551 „u010“
673 2504 802 2542 deleto
834 2506 943 2542 iunxi
974 2500 1119 2542 uocari
1149 2503 1354 2545 conuenit.
1386 2526 1441 2532 -
1472 2504 1618 2545 comis-

128 2570 272 2619 satum,
306 2572 352 2609 cf.
372 2572 421 2610 ad
444 2572 561 2610 Most.
584 2574 675 2610 310.
704 2593 757 2597 —
787 2573 879 2610 686.
911 2569 1050 2610 ueniet
1081 2572 1169 2610 add.
1189 2572 1385 2612 Goetzius.
1447 2572 1620 2625 quisque

127 2642 186 2676 est
215 2641 461 2690 quicumque,
493 2654 528 2679 v.
549 2641 598 2678 ud
623 2641 707 2678 Mil.
729 2642 818 2678 156.
844 2660 899 2665 -
933 2642 1025 2678 687.
1047 2637 1289 2689 polluctura
1319 2642 1424 2689 Pius,
1457 2644 1504 2680 cf.
1524 2644 1617 2681 237.

127 2704 227 2743 Rud.
264 2708 384 2745 1406.
461 2706 676 2756 „iactura“,
726 2711 807 2746 sive
853 2710 976 2746 errori
1021 2710 1102 2746 sive
1147 2710 1257 2748 malae
1297 2711 1619 2760 interpretationi

129 2772 310 2823 debetur,
351 2778 570 2814 necessario
603 2777 824 2814 delendum.
892 2773 1012 2815 hodie
1049 2791 1184 2816 versus
1223 2792 1339 2816 causa
1377 2778 1618 2828 transposui.
