2009 3218
725 235 764 269 V.
791 237 1001 270 992—1020.
1528 242 1605 278 597

126 365 261 401 Graeco
294 366 576 411 θερμοποτάζειν
609 366 765 413 proprie
799 379 872 402 nou
898 366 1199 415 tlwrmopoturc.
1231 367 1297 403 sud
1325 367 1605 416 thermopotas-

127 445 210 470 sere
243 432 406 470 formari
438 431 578 470 debere
611 432 889 469 animadvertit
920 434 982 470 ΒΓ.
1017 454 1069 459 —
1098 435 1324 481 '‘lutbeerc‘m,
1359 435 1404 472 cs.
1445 435 1491 471 ad
1526 435 1613 473 Aul.

129 502 220 539 296.
255 519 307 525 —
346 501 462 538 1015.
495 510 660 538 ⁴recurre
686 499 836 549 petere,
870 504 911 536 ut
942 508 1067 550 petas,
1101 504 1146 539 of.
1181 503 1229 540 ad
1261 502 1399 539 Bacch.
1435 504 1526 540 351.
1559 523 1613 528 —

127 579 170 607 re
200 567 288 606 add.
322 567 426 606 Cam.
469 587 521 594 -
565 570 682 606 1016.
737 564 962 618 Gzc1·yuli(›,
1004 570 1027 606 i.
1062 585 1092 607 e.
1134 571 1325 616 curculio,
1374 572 1533 616 vermis,
1577 585 1609 607 v.

127 637 200 675 vol.
232 635 269 673 II
294 649 332 686 p.
368 639 445 675 527
479 650 536 686 sq.
607 637 710 674 Male
751 637 815 673 alii
847 636 896 673 ad
928 651 1012 674 eam
1043 639 1212 687 gutturis
1244 643 1393 687 partem
1426 639 1612 684 referunt,

127 705 187 742 cui
217 703 320 741 idem
352 717 492 742 nomen
533 709 610 751 est3
652 709 893 751 currentem,
936 705 1001 754 qui
1040 706 1170 743 subito
1210 706 1407 751 subsistit,
1450 711 1613 756 propter

126 772 354 810 tarditatem
398 786 482 811 cum
523 773 735 811 vermiculo
775 778 984 822 comparat.
1026 793 1077 798 -—
1120 774 1239 810 1017.
1282 771 1461 822 poteriis
1492 775 1611 822 Cam„

127 841 172 877 cs.
205 840 326 878 Stich.
360 841 453 879 693.
487 861 540 866 —
576 843 694 879 1018.
728 838 977 879 Memoriam
1008 841 1140 890 Seyff..
1173 843 1219 879 cf.
1255 843 1303 878 ad
1334 842 1489 880 Trucul.
1519 844 1610 880 219.

129 927 176 934 —
204 909 306 946 Ante
330 905 566 947 hominihus
590 909 733 956 hiatus,
759 923 793 946 v.
814 909 965 958 Proleg.
992 923 1027 959 p.
1050 911 1141 947 221.
1172 929 1218 934 -
1247 920 1299 947 cm
1322 919 1420 947 uero
1447 910 1490 947 R.
1510 916 1612 948 recte

126 977 246 1015 refert
269 977 318 1014 ad
345 977 382 1016 te
404 975 607 1026 redipisci
620 974 820 1026 postulas·
839 992 873 1016 v.
898 979 1022 1024 1022;
1054 978 1121 1016 sed
1150 979 1240 1015 inde
1265 991 1339 1016 non
1365 981 1544 1028 sequitur
1569 984 1611 1015 ut

126 1058 162 1082 v.
198 1046 303 1083 1022
342 1050 433 1096 post
476 1047 579 1083 1019
622 1046 827 1096 ponendus
866 1047 936 1091 sit3
985 1059 1045 1083 vv.
1085 1047 1299 1083 1020—21
1341 1047 1612 1096 parentheticc

126 1114 451 1164 interponuntur,
494 1116 540 1152 cf.
574 1114 622 1151 ad
654 1114 761 1151 Pers.
796 1116 888 1152 491.
931 1134 982 1139 --
1026 1116 1142 1152 1020.
1186 1115 1352 1153 Nomina
1385 1115 1476 1152 ficta
1507 1115 1612 1152 fures

125 1181 384 1232 significantia
415 1183 531 1220 aliter
562 1182 709 1220 Rit-sch.
744 1184 883 1232 Opusc.
918 1182 985 1228 III,
1020 1183 1134 1220 aliter
1165 1183 1305 1233 Speng.
1339 1184 1447 1234 praef.
1474 1197 1512 1233 p.
1541 1183 1612 1221 VII

126 1251 363 1288 constituere
394 1253 521 1289 conati
547 1256 649 1288 sunt.
714 1248 896 1289 Iroclms
921 1251 1074 1302 Speng.‚
1109 1251 1211 1301 quod
1244 1251 1308 1289 ille
1340 1251 1385 1288 ad
1419 1256 1613 1289 tormenta

126 1318 303 1365 rettulit,
336 1332 407 1368 ego
446 1320 495 1357 ad
538 1320 780 1357 celeritatem
812 1319 1037 1365 amovendi3
1093 1319 1137 1357 R.
1181 1319 1463 1366 ‚,Uhiruchus“,
1508 1321 1612 1369 quod

124 1387 257 1436 potius
282 1399 417 1425 manus
441 1389 704 1428 continentem
730 1401 844 1437 quam
872 1401 986 1425 manu
1012 1389 1265 1438 arripientem
1289 1387 1540 1437 significaret.
1558 1409 1612 1413 —

133 1450 390 1503 Ceramicus,
423 1458 532 1495 cuius
564 1460 720 1505 etymon
752 1460 812 1494 est
837 1458 968 1505 κέρκος,
1000 1456 1101 1493 unde
1126 1457 1279 1505 κέρκωψ,
1311 1458 1479 1494 omnium
1507 1458 1611 1494 frau—

126 1523 438 1562 dulentissimum
469 1525 675 1575 significat.
730 1525 978 1575 Spengelius:
1017 1524 1286 1572 ,‚Creconicus,
1321 1525 1425 1574 quod
1458 1538 1538 1563 voc.
1566 1539 1612 1562 ex

128 1593 259 1640 κρέκειν
290 1597 330 1630 et
360 1595 456 1630 νικᾶν
495 1595 757 1644 compositum
796 1596 906 1630 notet
944 1606 1097 1631 servum
1137 1595 1351 1642 pertinacia
1392 1595 1610 1631 vincentem

127 1658 302 1710 plagas“,
350 1675 435 1711 quae
480 1665 589 1700 notio
628 1662 721 1700 mihi
763 1662 917 1710 quidem
957 1662 1048 1699 huic
1091 1662 1176 1699 loco
1222 1675 1359 1712 parum
1405 1662 1610 1699 convenire

125 1728 292 1767 videtur.
325 1750 379 1755 -—
415 1726 598 1770 Crimcus
631 1731 724 1780 quid
757 1733 808 1768 sit
839 1732 980 1767 nescio.
1043 1730 1108 1779 Sp.
1142 1730 1212 1767 hoc
1250 1743 1404 1780 quoque
1443 1729 1491 1766 ad
1532 1735 1610 1768 tor-

127 1799 246 1835 menti
283 1809 406 1846 genus
445 1800 579 1837 refert.
650 1800 694 1837 R.
730 1800 884 1836 dubitat
922 1804 1052 1836 utrum
1096 1797 1325 1845 ‚,Grimuus“
1368 1798 1614 1836 scribendum

127 1866 180 1904 sit
208 1862 262 1917 (p.
284 1864 378 1917 318)
411 1882 459 1906 an
483 1882 569 1906 cum
597 1869 821 1906 Hermanno
846 1870 987 1905 Urinus
1014 1867 1069 1916 (p.
1091 1863 1197 1916 345),
1230 1869 1309 1904 sive
1340 1867 1412 1904 hoc
1438 1880 1458 1903 a
1483 1869 1612 1916 κρίνον,

90 1973 93 1975 .
126 1934 316 1974 vocabulo
357 1936 406 1973 ad
448 1938 594 1982 πτωχοῦ
633 1936 960 1984 significationem
1000 1935 1290 1973 accommodato
1326 1934 1491 1973 testibus
1527 1934 1613 1972 Pol-

127 2003 212 2041 luce
245 2003 308 2050 Vl,
346 2006 436 2052 197,
467 2003 676 2052 Hesychio,
708 2004 838 2048 Suida,
872 2018 919 2042 an
952 2020 973 2041 a.
1003 2005 1112 2051 μάζης
1143 2006 1272 2053 specie
1304 2003 1472 2053 quadam
1497 2006 1615 2052 κρίνον

128 2075 266 2110 vocata
296 2072 508 2111 secundum
540 2073 706 2110 eundem
733 2073 967 2121 Hesychium
992 2077 1031 2110 et
1054 2073 1285 2109 Athenaeum
1308 2071 1364 2108 III
1389 2085 1427 2121 p.
1451 2073 1527 2109 114
1555 2085 1611 2121 sq.

129 2140 386 2179 derivandum
410 2143 473 2179 sit.
494 2161 546 2166 —
564 2141 661 2178 Tum
684 2139 959 2187 „Cricolabus“
982 2141 1040 2187 R„
1074 2142 1184 2190 quasi
1217 2141 1235 2176 ὁ
1266 2141 1451 2187 λαμβάνων
1482 2143 1612 2189 κρίκον.

128 2209 152 2246 i.
187 2222 220 2247 e.
260 2209 505 2256 condalium3
555 2209 620 2260 Sp.
659 2205 931 2255 Cerdobulu-s,
978 2211 1044 2258 qui
1083 2210 1230 2246 lucrum
1270 2212 1443 2258 spectat,
1491 2209 1614 2246 multo

127 2279 210 2316 veri
249 2278 428 2316 similius.
477 2298 530 2303 —
582 2272 776 2317 Collabus
822 2290 906 2314 cum
946 2277 1164 2314 Collabisco
1205 2277 1368 2314 Poenuli
1408 2278 1612 2314 maximam

127 2346 423 2385 similitudinem
455 2347 592 2394 habet,
640 2347 744 2395 quod
783 2359 920 2384 nomen
953 2345 1036 2383 Vol.
1070 2345 1135 2392 IV,
1168 2347 1191 2382 2
1231 2360 1272 2396 p„
1302 2345 1381 2383 294
1419 2345 1613 2394 explicare

130 2418 291 2452 conatus
324 2428 423 2453 sum.
500 2414 593 2461 Quae
625 2415 838 2465 explicatio
871 2426 989 2463 quum
1022 2413 1229 2451 admodum
1262 2416 1407 2451 incerta
1442 2415 1513 2459 sit,
1553 2414 1614 2450 hic

128 2496 205 2520 non
236 2483 397 2529 dubito,
445 2484 539 2533 quin
570 2485 633 2520 fur
674 2482 936 2532 significetur,
971 2483 1146 2531 quamvis
1183 2481 1266 2528 Bu,
1315 2483 1406 2531 quia
1445 2483 1614 2529 κόλλαβος

130 2552 355 2589 Aristotelis
393 2551 611 2590 scholiastae
657 2551 780 2599 μικρὸς
819 2550 983 2599 ἀρτίσκος
1029 2554 1107 2595 est,
1154 2550 1371 2588 famelicum
1419 2551 1612 2587 hominem

129 2619 341 2669 significari
373 2620 600 2666 crediderit,
643 2619 708 2669 Sp.
742 2618 789 2656 ab
821 2619 995 2668 epitonio
1028 2618 1205 2664 deducat,
1243 2631 1343 2669 „quo
1374 2623 1419 2656 ut
1450 2619 1498 2656 ad
1529 2623 1612 2655 ten-

130 2688 276 2726 dandas
306 2689 478 2737 lyrarum
511 2687 676 2726 chordas
709 2688 939 2732 utebantur,
987 2688 1042 2723 ita
1081 2688 1196 2723 etiam
1228 2688 1267 2724 in
1299 2699 1498 2724 servorum
1533 2691 1612 2723 tor-

130 2758 270 2795 mentis
300 2757 361 2794 usi
392 2769 474 2794 esse
499 2756 684 2794 videntur
708 2752 899 2792 veteres“.
962 2754 1019 2791 Ne
1049 2756 1088 2791 in
1113 2757 1292 2804 proximo
1318 2755 1472 2805 quidem
1499 2767 1611 2791 versu

130 2829 345 2872 tormenta,
390 2825 457 2863 sed
496 2824 649 2862 vincula
689 2828 727 2860 et
766 2823 1002 2872 quotidianae
1043 2836 1177 2872 poenae
1223 2836 1421 2860 servorum
1467 2821 1608 2870 signifi-
