2009 3218
96 191 140 236 11,
164 194 196 234 4,
221 192 343 235 23—5‚
367 194 387 226 4
427 176 430 180 ⁴
773 192 930 227 Rudens.
1369 233 1376 241 ι
1507 199 1583 237 113

688 317 987 368 Ampelisca

96 391 227 433 Immo
258 392 389 432 etiam
422 390 514 434 tibi,
548 403 642 430 mea
674 389 899 443 uoluptas,
942 404 1052 443 quae
1085 390 1206 432 uoles
1238 391 1392 433 faciam
1425 394 1581 433 omnia.

703 469 984 520 Sceparnio

96 543 312 597 Eugepae.
346 542 491 584 saluos
517 555 634 592 sum;
666 541 773 582 haec
796 541 881 582 iam
909 554 975 581 me
1001 554 1122 582 suam
1149 542 1417 596 uoluptatem
1443 550 1582 586 uocat.

98 614 280 656 Dabitur
297 613 375 655 tibi
394 628 520 668 aqua,
539 627 591 655 ne
609 614 872 667 nequiquam
890 626 955 654 me
973 627 1104 654 ames.
1146 613 1260 655 Cedo
1280 615 1383 656 mihi
1402 629 1566 657 urnam.

691 693 988 744 Ampelisca

190 808 193 812 Α
1360 765 1492 822 Cape3
1517 779 1584 812 435

96 839 288 893 Propera
319 837 474 879 amabo
508 836 683 878 ecferre.

593 903 597 906 ι
697 916 983 967 Sceparnio

701 989 873 1039 Manta3
904 990 990 1030 iam
1023 989 1092 1031 hic
1124 1004 1210 1040 ero,
1240 989 1443 1044 uoluptas
1474 1004 1580 1032 mea.

689 1068 986 1119 Ampelisca

97 1140 207 1193 Quid
240 1141 454 1182 sacerdoti
489 1154 554 1182 me
587 1140 727 1182 dicam
760 1140 829 1181 hic
860 1140 1127 1182 demoratam
1160 1146 1248 1183 tam
1282 1141 1385 1183 diu?

96 1213 154 1256 Ut
183 1213 313 1255 etiam
344 1226 457 1254 nunc
488 1213 647 1254 misera
677 1213 823 1262 timeo,
857 1212 929 1254 ubi
960 1214 1095 1255 oculis
1126 1215 1297 1256 intueor
1330 1227 1460 1255 mare.

209 1283 292 1326 Sed
324 1284 427 1338 quid
459 1298 537 1338 ego
570 1285 728 1327 misera
759 1284 888 1326 uideo
922 1286 1071 1339 procul
1102 1286 1146 1328 in
1177 1285 1332 1327 litore?

207 1356 352 1398 Meum
384 1371 503 1398 erum
535 1357 732 1399 lenonem
767 1356 1122 1412 Siciliensemque
1154 1358 1385 1412 hospitem,
1519 1371 1587 1404 440

210 1427 325 1478 Quos
358 1429 537 1483 periisse
570 1429 721 1470 ambos
752 1429 910 1470 misera
941 1429 1168 1471 censebam
1201 1431 1244 1471 in
1276 1431 1394 1473 mari.

208 1501 299 1543 Iam
331 1501 436 1542 illud
469 1500 570 1542 mali
602 1501 700 1555 plus
732 1501 856 1543 nobis
887 1503 997 1543 uiuit
1028 1515 1158 1556 quam
1188 1507 1324 1544 ratae.

209 1573 293 1616 Sed
325 1573 430 1627 quid
461 1587 540 1627 ego
573 1587 694 1615 cesso
725 1573 872 1626 fugere
903 1575 946 1615 in
977 1574 1126 1615 fanum
1158 1588 1209 1616 ac
1240 1575 1382 1618 dicere
1413 1575 1520 1618 haec

210 1645 475 1697 Palaestrae,
507 1646 548 1687 in
581 1659 699 1687 aram
733 1647 796 1688 uti
827 1646 1126 1700 confugiamus
1157 1648 1274 1701 prius

209 1717 347 1768 Quam
378 1718 461 1759 huc
491 1718 702 1760 scelestus
734 1718 831 1760 leno
864 1721 1011 1760 ueniat
1042 1733 1209 1773 nosque
1239 1719 1310 1761 hic
1340 1721 1586 1774 opprimat?

211 1787 466 1844 Confugiam
497 1790 598 1842 huc;
629 1791 692 1832 ita
723 1805 791 1832 res
823 1792 1016 1845 suppetit
1047 1791 1268 1833 subitaria.
1521 1804 1587 1837 446

666 2121 858 2167 SCEPA
871 2123 907 2164 R
911 2123 985 2165 Nl
988 2124 1022 2165 Ο

102 2233 183 2276 Pro
214 2235 257 2276 di
287 2235 555 2289 inmortales,
587 2237 630 2277 in
663 2250 776 2291 aqua
807 2250 1039 2291 numquam
1072 2237 1238 2279 credidi

102 2305 381 2360 Uoluptatem
410 2308 552 2350 inesse
585 2313 771 2359 tantam3
806 2314 853 2350 ut
884 2309 996 2350 hanc
1026 2310 1139 2350 traxi
1169 2309 1335 2352 lubens.

103 2377 242 2421 Nimio
274 2380 414 2421 minus
446 2379 559 2421 altus
592 2385 750 2434 puteus
783 2381 922 2422 uisust
953 2394 1081 2435 quam
1112 2382 1243 2435 prius·¹

106 2448 163 2492 Ut
192 2451 284 2493 sine
315 2451 465 2493 labore
495 2451 609 2493 hanc
641 2453 821 2502 extraxi,
855 2452 1119 2506 praefiscine.
1522 2466 1590 2499 450

214 2611 282 2644 435
304 2621 422 2645 meam
449 2610 558 2644 scedo
588 2610 618 2644 Β
699 2611 765 2644 437
791 2622 872 2645 meo
899 2611 926 2644 (J
1006 2613 1074 2646 438
1098 2612 1236 2661 occulis
1263 2611 1291 2646 0
1365 2613 1432 2646 439
1456 2611 1588 2656 procul

104 2665 211 2700 uideo
235 2665 272 2701 B
351 2668 420 2702 440
444 2667 690 2711 sicillensemq
715 2667 749 2701 B
831 2669 897 2701 442
921 2669 1002 2712 plus
1029 2669 1114 2703 mali
1185 2671 1252 2703 444
1277 2668 1446 2703 Palestra
1469 2667 1506 2703 Β

106 2725 147 2757 ut
231 2735 315 2758 cum
340 2723 522 2768 fugiamus
549 2723 577 2758 C
659 2725 724 2758 446
749 2724 833 2758 huic
924 2736 982 2759 res
1007 2725 1057 2759 ita
1084 2725 1113 2760 O
1199 2726 1298 2760 subit
1384 2724 1591 2769 Sequuntur

105 2778 146 2812 in
168 2778 204 2814 B
226 2781 363 2815 455—6
489 2783 555 2814 447
582 2781 629 2814 dii
720 2783 785 2815 449
811 2781 911 2814 uisus
937 2785 994 2815 est
1018 2782 1052 2816 B
1175 2784 1241 2817 450
1264 2781 1506 2826 praefieiscine
1533 2781 1568 2816 B

206 2850 242 2877 V.
1234 2856 1320 2888 «8
