2009 3218
174 150 218 190 11.
242 151 276 193 6,
301 148 430 184 47—61
790 146 1044 182 Truculentus.
1574 149 1653 187 375

173 276 344 319 Sauium
370 278 517 328 petere
542 278 661 313 tuum
690 271 852 320 iubeas,
885 275 1032 325 petere
1059 271 1174 313 hand
1202 272 1355 325 pigeat,
1383 271 1464 313 niel
1491 287 1653 325 menum

171 347 220 389 ld
250 347 311 388 ita
341 358 433 387 esse
466 349 645 398 experta
677 357 733 385 es.
802 342 925 384 Nunc
956 343 1189 396 experiere,
1229 358 1325 385 mea
1357 343 1652 391 Phronesium.

171 418 238 461 Me
269 423 311 459 te
342 430 504 458 amare:
541 415 700 457 adduxi
732 413 913 456 ancillas
945 414 1024 456 tibi
1057 428 1179 456 eccas
1207 429 1255 456 ex
1283 415 1406 470 Syria
1433 417 1563 467 duas3
1588 429 1654 462 525

172 489 233 545 [Is
263 494 305 531 te
337 488 460 530 dono.
525 486 698 528 Adduce
730 486 810 527 hoc
841 491 887 528 tn
918 486 1037 527 istas.
1098 485 1179 528 Sed
1206 488 1315 528 istae
1342 489 1513 538 reginae
1540 488 1651 530 (lomi

171 562 281 605 Suae
311 558 429 601 suere
461 558 631 608 ambae;
665 573 815 600 uerum
849 558 1034 611 patriam
1069 572 1146 611 ego
1180 559 1317 600 excidi
1354 559 1512 621 manu]

173 634 212 676 Is
242 639 283 675 te
315 632 440 674 dono.

733 708 1085 750 Phronesium

495 782 748 823 Paenitetne
780 785 821 822 te
853 786 959 833 quot
990 780 1170 822 ancillas
1203 781 1330 827 alain,

171 856 277 906 Quin
310 868 487 897 examen
519 853 856 907 superadducas,
888 866 999 907 quae
1032 852 1134 893 mihi
1167 854 1383 894 comedint
1415 854 1555 895 cibum
1569 859 1587 895 ’ἐ

709 946 1104 1001 Stratophanes

171 1021 260 1063 Hoc
291 1020 463 1075 quidem
495 1019 637 1061 hercle
670 1021 930 1072 ingratumst
962 1019 1134 1061 donum.
1197 1019 1312 1061 Cedo
1346 1020 1470 1069 mibi,
1512 1035 1652 1075 puere,

1115 1092 1323 1145 perula-m.
1590 1105 1656 1137 530

170 1165 264 1208 Mea
293 1165 506 1217 uoluptas,
538 1163 664 1205 attuli
698 1177 842 1205 eccam
876 1163 1084 1217 pallulam
1117 1178 1167 1204 ex
1199 1163 1385 1217 Phrygia
1418 1164 1518 1211 tibi:

169 1236 283 1278 Tene
313 1236 403 1278 tibi.

732 1314 1082 1356 Phronesium

466 1386 602 1428 Hocin
637 1387 738 1428 inihi
771 1386 824 1428 ob
856 1386 1027 1429 labores
1058 1392 1204 1428 tantos
1235 1387 1451 1429 tantillum
1487 1388 1596 1429 dari!

707 1488 1111 1542 Stratophanes

169 1560 281 1603 Perii
311 1560 477 1611 hercle3
508 1562 662 1602 misero
693 1560 797 1601 mihi
826 1561 912 1602 iam
945 1575 1051 1603 auro
1085 1567 1234 1603 contra
1267 1566 1439 1603 constat
1469 1561 1595 1603 filius.

120 1631 125 1635 “
170 1633 307 1674 Etiam
341 1646 452 1674 nunc
482 1646 569 1674 mea
603 1632 723 1673 nihili
756 1633 918 1686 pendit.
982 1633 1224 1687 Purpura-m
1257 1648 1306 1674 ex
1341 1632 1469 1674 Sarra
1503 1633 1582 1674 tibi

113 1742 118 1748 .
169 1704 326 1754 Adtuli,
361 1704 470 1746 duas
502 1704 639 1746 Ponto
673 1704 898 1757 chlaenas3
929 1710 1028 1747 tene
1061 1699 1390 1759 tibiJuoluptas
1426 1719 1530 1746 mea.
1590 1718 1654 1750 535

729 1807 759 1847 P
774 1806 798 1848 h
812 1821 832 1848 r
844 1821 867 1848 o
878 1821 903 1848 n
916 1821 937 1848 e
949 1808 1028 1848 siu
1043 1821 1082 1848 m

169 1879 322 1931 Accipe
347 1878 439 1927 hoc,
467 1878 740 1929 Astapln'mm
773 1878 938 1920 abduce
957 1879 1087 1920 hasce
1104 1879 1200 1920 hinc
1218 1894 1239 1921 e
1257 1886 1488 1933 conspectu
1509 1880 1650 1935 Syras.

709 1980 1111 2034 Stratophanes

170 2051 330 2105 Ecquid
367 2065 485 2093 amas
518 2052 616 2093 nie?

280 2210 344 2244 523
369 2209 440 2244 hau
466 2209 501 2243 Β
571 2222 628 2244 me
654 2211 763 2244 imme
790 2210 903 2253 (inme
918 2211 960 2253 C)
985 2211 1146 2245 inmeum
1224 2212 1289 2245 525
1314 2222 1418 2246 cecas
1445 2211 1479 2246 Β
1551 2213 1652 2246 exuri

169 2266 233 2300 526
254 2266 348 2300 Istas
363 2265 392 2300 C
458 2268 550 2301 istae
565 2277 629 2302 om.
646 2266 674 2301 C
755 2268 820 2301 527
835 2266 965 2301 excida
978 2266 1014 2301 Β
1093 2267 1158 2301 528
1172 2267 1272 2312 quod
1351 2268 1487 2302 ancilla
1501 2269 1592 2302 siam
1607 2268 1652 2311 B,

169 2322 337 2357 ancillast
361 2323 432 2357 iam
461 2322 490 2357 O
567 2325 632 2357 529
657 2324 766 2357 etiam
792 2334 875 2358 men
955 2328 1077 2358 comet
1101 2324 1266 2358 incibum
1348 2326 1414 2359 530
1438 2325 1580 2360 hercles
1607 2325 1652 2368 B,

169 2378 289 2414 hercle
314 2378 387 2414 siC
453 2379 686 2423 ingratustB
756 2379 846 2414 cedo
873 2384 914 2414 tu
939 2379 1027 2414 mihi
1054 2381 1162 2415 istam
1187 2392 1299 2425 puere
1324 2393 1390 2425 per
1417 2382 1508 2416 niam
1589 2383 1650 2416 531

168 2434 307 2470 Immea
332 2435 377 2473 Β.
404 2431 504 2470 Ιιῃέε
532 2435 561 2471 G
650 2436 770 2470 attolli
858 2437 992 2480 palmia
1017 2436 1061 2479 B,
1087 2437 1271 2481 palauiam
1299 2437 1328 2473 G
1413 2439 1492 2479 pari
1518 2450 1583 2483 gra
1610 2438 1653 2481 Β,

169 2491 314 2536 parigra
340 2492 368 2527 C
459 2494 524 2527 532
550 2493 703 2528 hoccine
799 2494 944 2528 lauores
969 2494 1004 2528 Β
1095 2495 1252 2530 tantillis
1354 2497 1419 2530 533
1444 2507 1510 2539 per
1539 2495 1567 2531 C

117 2564 123 2569 ·
167 2548 352 2583 miseriam
470 2551 535 2583 534
561 2549 774 2584 Etiamnum
801 2549 848 2592 Β,
877 2554 914 2584 et
938 2550 1010 2584 iam
1037 2551 1122 2585 mim
1149 2550 1179 2586 0
1289 2552 1374 2586 mali
1399 2552 1527 2596 pendit
1553 2552 1655 2586 addit

170 2615 367 2649 purpuram
395 2611 523 2640 exarat
593 2607 658 2641 535
685 2612 764 2640 tuas
791 2611 905 2650 ponto
933 2606 968 2649 Ο,
995 2612 1059 2641 tua
1084 2612 1214 2652 sponte
1240 2607 1276 2643 Β
1346 2620 1518 2643 amoenas
1590 2610 1655 2644 536

169 2662 304 2706 Accepi
386 2661 606 2706 Astaphium
634 2673 698 2698 mn.
780 2663 863 2697 ince
887 2662 934 2706 Β,
960 2664 996 2697 in
1024 2664 1052 2698 C
1130 2670 1350 2710 conspectus
1377 2677 1459 2700 uras
1484 2667 1585 2709 (uras
1614 2665 1655 2707 C)

170 2718 235 2752 537
258 2717 310 2753 Ec
336 2718 448 2762 quide
474 2730 572 2754 asme
599 2719 642 2759 B,
667 2724 704 2753 et
730 2719 876 2763 quidem
901 2719 966 2754 has
994 2732 1049 2755 me
1078 2719 1107 2756 G
