2009 3218
363 216 442 254 276
1042 211 1161 245 Plauti
1526 210 1576 252 11,
1603 211 1634 253 2,
1663 212 1839 245 loo—‚110
1863 184 1866 185 ⁷

362 337 597 379 Historiam
627 341 818 378 ueterem
849 341 978 390 atque
1011 337 1232 389 antiquam
1266 336 1368 376 haec
1410 349 1503 377 mea
1542 340 1738 376 senectus
1770 349 1838 377 su-

1305 407 1459 458 stinet3

362 480 520 522 Uerum
554 494 630 533 ego
670 480 842 534 quando
873 484 916 521 te
948 483 990 521 et
1021 479 1253 520 amicitiam
1287 482 1330 519 et
1360 479 1543 531 gratiam
1575 479 1618 519 in
1649 483 1840 520 nostram

1308 550 1481 592 domum

365 623 500 666 Uideo
533 623 732 673 adlicere,
766 623 846 664 etsi
879 622 1137 665 aduorsatus
1169 621 1248 662 tibi
1281 620 1353 671 fui,
1385 621 1495 662 istac
1525 622 1687 663 iudico:

364 695 460 737 Tibi
491 696 709 749 permitto,
744 708 884 748 posce,
917 695 1036 736 duce.

968 819 1236 873 Lysiteles

1167 891 1218 931 Di
1249 895 1292 932 te
1324 889 1564 931 seruassint
1594 889 1710 931 mihi.
1779 901 1845 935 385

368 963 452 1006 Sed
484 963 595 1005 adde
626 963 682 1005 ad
713 964 840 1004 istam
870 963 1054 1015 gratiam
1087 977 1230 1003 unum.

1018 1087 1197 1128 Philto

1108 1158 1218 1208 Quid
1251 1158 1295 1199 id
1327 1163 1393 1199 est
1424 1162 1568 1199 autem
1599 1158 1760 1199 unum?

979 1282 1243 1337 Lysiteles

1634 1339 1844 1393 Eloquar:

368 1413 477 1455 Tute
509 1413 563 1454 ad
595 1426 691 1454 eum
722 1412 866 1463 adeas,
898 1417 946 1453 tu
980 1412 1193 1461 concilies,
1225 1416 1316 1452 tute
1346 1424 1516 1465 poscas.

1021 1537 1196 1578 Philto

1584 1607 1755 1650 Eccere.

975 1703 1243 1757 Lysiteles

369 1775 510 1817 Nimio
543 1776 667 1818 citius
698 1776 931 1829 transiges3
962 1775 1131 1816 firmum
1164 1789 1285 1816 omne
1319 1775 1401 1816 erit
1431 1774 1546 1829 quod
1578 1778 1626 1816 tu
1658 1773 1805 1827 egeris.

373 1847 562 1889 Grauius
601 1852 722 1889 tuum
762 1849 844 1889 erit
881 1862 1013 1889 unum
1050 1847 1230 1888 uerbum
1261 1847 1315 1888 ad
1348 1860 1441 1889 eam
1472 1860 1562 1888 rem
1594 1859 1722 1901 quam
1754 1859 1846 1888 cen-

1314 1922 1406 1960 tum
1436 1932 1542 1960 mea.

1027 2032 1204 2074 Philto

372 2104 482 2146 Ecce
514 2109 659 2146 autem
690 2106 732 2145 in
764 2105 1032 2158 benignitate
1064 2104 1144 2145 hoc
1176 2106 1346 2158 repperi
1381 2104 1612 2157 negotium.
1785 2114 1850 2149 390

374 2175 560 2218 Dabitur
591 2189 734 2230 opera.

984 2282 1250 2335 Lysiteles

738 2354 926 2408 Lepidus
958 2356 1086 2395 uiuis.
1149 2354 1267 2395 Haec
1299 2357 1398 2394 sunt
1429 2352 1568 2404 aedes,
1601 2352 1671 2394 hic
1701 2352 1850 2405 habet3

378 2425 615 2467 Lesbonico
641 2431 708 2467 est
735 2441 901 2468 nomen.
949 2427 1035 2479 Age
1063 2440 1151 2467 rem
1179 2439 1303 2476 cura;
1335 2439 1413 2478 ego
1440 2429 1481 2466 te
1508 2425 1708 2479 opperiar
1725 2424 1848 2466 domi.

490 2608 555 2640 384
581 2606 792 2641 aduersatus
818 2607 846 2639 si
872 2606 936 2641 BG
1027 2606 1162 2641 iudicio
1193 2606 1221 2640 Ο
1309 2606 1374 2639 385
1400 2605 1582 2639 sex-nasim
1609 2605 1638 2640 Ο
1725 2605 1790 2639 386
1813 2603 1851 2638 id

378 2674 442 2698 om.
458 2663 490 2696 A
561 2664 626 2696 387
653 2662 760 2696 adeas
782 2667 859 2696 tutu
881 2663 1054 2697 concilies
1125 2664 1190 2697 388
1215 2674 1358 2696 omnem
1372 2661 1439 2696 BC
1500 2662 1565 2695 389
1589 2662 1661 2696 erit
1673 2664 1774 2696 tuum
1788 2658 1854 2694 BC

379 2721 443 2754 392
471 2731 577 2762 agore
605 2730 691 2753 cura
720 2719 748 2754 C
855 2731 981 2753 curam
1006 2720 1039 2753 A
1159 2719 1345 2763 opperiam
1372 2719 1416 2761 A,
1449 2718 1591 2762 operiar
1616 2718 1650 2752 B
1754 2715 1851 2751 domi

380 2776 496 2822 philto
521 2775 556 2810 B
700 2776 704 2780 “
