2009 3218
751 201 792 236 V.
822 204 941 238 1-42.
1510 209 1590 247 565

107 333 234 370 ortum
266 332 334 367 est.
379 350 426 355 ——
470 326 672 368 Meritum
703 328 869 368 noxiam
903 332 932 368 A
974 336 1013 369 et
1044 332 1199 379 Cicero,
1246 347 1280 371 v.
1315 334 1413 371 infra
1445 334 1494 371 ad
1527 335 1590 382 25,

106 399 151 438 cf.
184 400 247 437 26.
280 398 367 436 Aul.
397 399 495 436 731:
548 412 632 445 „me
664 400 815 450 culpam
849 402 1105 438 conmeritum
1137 399 1257 440 soio“.
1319 402 1406 440 Ter.
1432 402 1588 441 Phorm.

110 466 232 506 1014:
282 479 390 512 „esse
428 467 467 503 in
506 466 578 504 hac
617 481 658 504 re
700 468 852 517 culpam
894 471 1074 505 meritum
1120 482 1196 506 non
1242 468 1382 518 neg0“.
1422 489 1477 495 —
1523 471 1589 508 24.

105 529 300 574 Inmoe‘ne
330 533 510 572 Placidus
543 549 578 584 p.
611 536 658 572 59
689 533 858 582 ΒουοΓ1.,
893 537 958 585 qui
992 536 1177 584 explicat:
1218 537 1474 588 ..improbum‚
1506 539 1587 576 cul-

105 602 292 654 pandum,
332 603 394 640 vel
433 603 628 640 interdum
660 616 820 640 munere
851 600 1102 640 liberatum“.
1179 604 1284 642 Festi
1318 609 1446 643 autem
1479 606 1586 656 Epit.

105 684 143 723 p.
177 671 272 709 109:
310 671 527 718 „immunis‚
562 684 702 708 vacans
733 683 910 718 munere,
944 671 1175 721 aliquotiens
1207 685 1277 722 pro
1310 674 1488 724 improbo
1520 688 1588 726 po-

105 741 211 778 nitur
247 742 290 776 ut
328 739 431 789 apud
463 739 669 777 Plautum:
712 741 882 776 immune
921 743 979 776 est
1018 736 1205 777 facinus“.
1267 741 1389 779 Immo
1433 744 1588 790 „ingra-

104 805 224 855 tum“‚
248 807 293 845 cf.
313 807 434 845 Mero.
460 808 557 845 104:
593 807 714 854 „Dico
734 809 815 845 eius
841 821 915 858 pro
934 808 1086 845 meritis
1114 811 1267 856 gratum
1292 823 1351 846 me
1377 815 1414 846 et
1434 824 1588 848 munem

104 874 224 915 fore“.
255 876 357 913 infra
390 877 466 914 351
501 880 539 912 et
574 878 664 914 355.
704 895 759 901 —
798 873 839 913 in
872 875 1013 921 aetate,
1053 877 1090 913 in
1122 877 1213 922 vita,
1248 878 1292 914 cf.
1327 879 1419 915 464.
1481 879 1586 917 Brix.

106 944 252 983 confert
301 945 364 990 „in
411 947 537 981 aetate
576 942 801 982 hominum“
843 944 941 981 Rud.
986 945 1105 982 1222.
1180 945 1321 995 Amph.
1366 947 1458 984 628.
1493 948 1585 985 931.

31 1050 37 1058 .
74 1013 151 1064 ⁸cf.
183 1013 231 1051 ad
262 1013 401 1063 Amph.
438 1014 555 1051 1016.
597 1034 651 1038 --
693 1015 756 1051 25.
796 1010 909 1051 ,Nam
949 1026 1026 1050 non
1058 1025 1211 1050 causam
1252 1012 1382 1060 affert,
1426 1027 1494 1052 cur
1531 1017 1588 1052 in—

103 1085 255 1133 gratum
286 1084 337 1119 sit
369 1083 533 1119 amicum
567 1083 769 1132 castigare,
801 1081 869 1118 sed
901 1094 969 1119 cur
999 1081 1077 1118 haec
1109 1082 1267 1119 omnino
1307 1082 1431 1130 dicat,
1469 1098 1504 1121 v.
1540 1083 1588 1120 ad

102 1150 184 1190 Mil.
221 1151 339 1188 1289.
393 1150 549 1188 Trucul.
585 1151 649 1188 79.
711 1151 810 1187 Mire
842 1154 1023 1187 errarunt
1052 1149 1251 1196 rhetores,
1299 1152 1365 1201 qui
1395 1151 1468 1189 hoc
1499 1151 1585 1188 Tri-

102 1219 245 1258 nummi
284 1219 439 1256 initium
477 1232 549 1268 pro
588 1219 766 1267 exemplo
805 1219 967 1256 iufirmae
999 1219 1161 1256 rationis
1194 1220 1430 1266 attulerunt,
1471 1219 1585 1258 Rhet.

103 1287 152 1326 ad
183 1287 352 1325 Herenn.
382 1287 431 1333 II,
466 1287 530 1334 23,
564 1287 627 1324 35.
690 1286 766 1324 Cic.
798 1288 949 1325 Invent.
983 1288 1012 1334 Ι,
1047 1288 1109 1333 50,
1144 1289 1209 1325 95.
1238 1307 1286 1312 -
1318 1289 1383 1325 27.
1414 1285 1585 1336 inuitus,

101 1352 148 1394 m’
175 1351 337 1402 inuitct,
368 1355 604 1392 allitteratio
637 1356 812 1404 quaesita.
873 1355 953 1393 Nec
983 1356 1169 1402 facerem,
1200 1357 1347 1406 inquit,
1379 1358 1455 1394 nisi
1485 1358 1585 1395 invi-

102 1429 223 1471 taret3
269 1425 314 1462 cf.
357 1423 449 1462 Sall.
489 1423 572 1472 Iug.
619 1426 690 1472 31,
727 1425 767 1461 l:
820 1424 969 1470 „Multa
1007 1438 1067 1461 me
1106 1424 1361 1462 dehortantur
1403 1439 1425 1463 a
1461 1427 1584 1476 vobis,

39 1517 46 1521 -
103 1494 286 1542 Quirites,
319 1493 359 1530 ni
391 1492 565 1530 studium
598 1493 654 1529 rei
684 1493 867 1543 publicae
899 1494 1029 1531 omnia
1059 1489 1258 1544 superet“.
1287 1513 1339 1518 —
1370 1490 1418 1532 id
1446 1505 1510 1532 mc
1538 1496 1583 1533 A.

106 1582 153 1588 —
187 1562 250 1600 28.
283 1558 361 1608 hic,
392 1561 464 1598 hoc
495 1562 592 1607 loco,
625 1565 669 1598 ut
701 1563 752 1599 32
784 1566 822 1598 et
855 1562 918 1600 34.
950 1581 1004 1587 --
1045 1562 1109 1599 29.
1144 1557 1333 1611 plerique
1362 1561 1499 1601 Lamb.
1532 1583 1587 1589 —

104 1631 166 1670 31.
206 1639 444 1669 Succrcuerc
474 1631 519 1667 A.
559 1649 613 1655 -—
655 1631 704 1667 32
743 1634 946 1679 suspectus
984 1630 1142 1668 Loewio
1173 1629 1287 1667 Anal.
1326 1643 1363 1679 p.
1403 1632 1493 1669 196.
1534 1652 1587 1656 -

105 1700 167 1738 34.
192 1696 452 1748 pauciorum,
484 1699 715 1748 potentium,
747 1700 815 1734 τῶν
838 1698 978 1748 ὀλίγων,
1010 1702 1055 1736 ut
1080 1700 1135 1736 ait
1160 1698 1245 1745 Br.;
1275 1696 1467 1747 „paucos“
1493 1699 1584 1738 Sall.

100 1767 183 1818 Iug.
217 1768 280 1813 31,
315 1769 379 1806 20.
422 1786 470 1792 -
514 1768 578 1805 35.
612 1763 755 1815 prosit
784 1766 843 1804 ed.
877 1780 936 1817 pr.
1007 1767 1090 1804 Hoc
1121 1780 1255 1804 sensus
1286 1767 1474 1817 postulat,
1507 1781 1586 1806 non

106 1849 206 1886 „quo
235 1832 432 1887 prosint“,
467 1835 572 1886 quod
604 1836 846 1873 commendat
876 1835 921 1872 R.
956 1835 1114 1882 Parerg.
1147 1848 1185 1885 p.
1220 1836 1311 1882 350,
1351 1840 1418 1873 aut
1458 1836 1586 1886 „quod

100 1903 274 1956 prosint“
311 1901 374 1954 (ut
406 1905 438 1942 A
471 1905 666 1954 ceterique
698 1900 837 1953 codd.),
879 1904 985 1953 quod
1020 1903 1153 1940 eadem
1183 1904 1265 1941 fere
1295 1906 1334 1941 vi
1366 1904 1440 1943 dici
1470 1918 1585 1955 posse

83 1977 291 2024 ,putarunt
328 1974 373 2011 R.
405 1973 513 2010 Neue
551 1973 644 2010 Exc.
685 1987 722 2023 p.
766 1973 835 2018 58,
889 1972 1030 2022 Bergk.
1069 1972 1192 2010 Beitr.
1231 1986 1270 2022 p.
1304 1975 1373 2020 56,
1427 1973 1583 2011 Muller.

100 2041 258 2080 Nachtr.
290 2055 329 2092 p.
365 2043 429 2079 31.
471 2061 520 2067 —
563 2043 625 2079 36.
666 2035 920 2079 conducibile
950 2042 1002 2087 A,
1048 2041 1094 2078 cf.
1128 2040 1244 2091 Epid.
1279 2043 1371 2080 257.
1405 2042 1498 2080 261.
1529 2061 1585 2067 -

39 2111 42 2114 ”
98 2107 270 2160 gratiae,
301 2110 347 2148 cf.
381 2108 430 2148 ud
461 2110 580 2147 Most.
609 2110 700 2147 340.
725 2129 781 2133 —
813 2110 876 2146 37.
913 2107 1218 2159 „odiossaeque“
1237 2109 1282 2155 A,
1317 2123 1430 2159 quam
1463 2111 1584 2161 scrip-

99 2183 224 2216 turam
264 2178 539 2216 commendant
577 2178 619 2215 R.
654 2177 792 2226 Opusc.
825 2177 863 2214 II
892 2189 930 2226 p.
964 2178 1042 2215 715
1084 2181 1123 2214 et
1149 2177 1256 2214 ·Brix
1285 2177 1322 2215 h.
1354 2177 1379 2216 l.
1424 2197 1473 2204 —-
1518 2179 1583 2216 38.

100 2241 333 2295 Remoram‚
368 2247 413 2285 cf.
448 2246 567 2285 Poen.
601 2247 694 2284 927.
754 2245 901 2283 Locum
935 2245 1122 2283 attulerat
1151 2245 1257 2284 Fest.
1290 2259 1328 2296 p.
1363 2246 1455 2284 277.

213 2317 276 2354 39.
324 2315 502 2353 Callicles
543 2329 589 2352 ex
627 2314 777 2352 aedibus
815 2327 940 2363 nuper
979 2315 1120 2364 emptis
1162 2315 1252 2352 exit.
1321 2314 1366 2352 In
1407 2315 1584 2353 exeundo

99 2397 258 2422 uxorem
288 2383 398 2421 iubet
423 2383 564 2421 Larem
597 2396 782 2421 coronare
808 2386 847 2419 et
870 2383 1023 2431 precari
1047 2386 1092 2419 ut
1115 2381 1218 2420 bona
1242 2384 1370 2420 o'mnia
1393 2386 1432 2420 et
1454 2383 1584 2421 felicia

52 2445 55 2449 λ
100 2451 172 2490 sibi
210 2466 258 2490 ex
294 2452 366 2490 hac
404 2464 503 2489 nova
543 2451 787 2489 habitatione
818 2452 1008 2488 oriantur.
1057 2469 1105 2475 —
1155 2452 1220 2488 40.
1265 2461 1485 2499 wenerare,
1533 2451 1580 2490 cf.

71 2553 73 2558 .
98 2520 186 2558 Aul.
217 2521 253 2559 8.
281 2540 334 2545 ·—
357 2521 424 2558 41.
458 2522 605 2559 cuenat
633 2521 672 2558 in
704 2522 812 2557 exitu
844 2532 1028 2556 versuum
1058 2519 1117 2556 vel
1144 2523 1279 2557 contra
1303 2520 1454 2558 codices
1486 2521 1581 2558 scri-

98 2587 265 2627 bendum
290 2589 458 2634 videtur,
491 2603 525 2626 v.
559 2588 713 2636 Proleg.
745 2601 783 2637 p.
818 2589 911 2627 215.
959 2586 1067 2624 Curc.
1100 2589 1162 2627 39.
1209 2587 1324 2640 Epid.
1360 2589 1451 2626 291.
1488 2589 1580 2626 323.

98 2655 184 2694 Mil.
220 2658 338 2695 1005.
398 2657 498 2696 Rud.
533 2658 625 2695 615.
695 2656 835 2694 Pseud.
872 2657 997 2704 1032,
1037 2656 1104 2695 ubi
1145 2657 1193 2695 B:
1253 2653 1487 2704 „aduenat“.
1527 2675 1580 2681 —

100 2725 166 2764 42.
204 2725 296 2763 Haec
326 2725 506 2764 Callicles
546 2726 663 2764 solito
703 2726 930 2762 maritorum
970 2738 1100 2773 more,
1147 2725 1223 2764 vid.
1256 2725 1361 2763 Stob.
1394 2724 1580 2774 Florileg.

98 2793 283 2841 LXVIII,
328 2807 399 2832 nee
433 2807 506 2845 pro
545 2798 653 2832 certo
697 2793 991 2842 affirmaverim,
1037 2807 1123 2831 eum
1163 2807 1292 2832 secum
1330 2793 1412 2831 haec
1450 2792 1580 2831 dicere
