2009 3218
365 208 444 247 576
976 202 1038 236 Tri
1045 213 1228 237 nummus.

362 329 489 370 Nihil
527 341 688 378 moror,
735 332 780 368 cf.
821 330 914 368 Hor.
953 331 1078 380 Epist.
1112 331 1148 378 1,
1192 333 1260 377 15,
1304 330 1373 367 16:
1426 329 1540 377 „vina
1579 328 1677 366 nihil
1714 341 1844 366 moror
1919 333 1922 337 '
1972 316 1977 330 ’

361 401 466 438 illius
497 397 628 437 orae“.
668 419 723 424 -——
761 399 853 436 300.
892 395 1069 446 imperia
1105 408 1314 447 capesses,
1359 397 1405 434 cf.
1438 395 1554 446 Verg.
1586 396 1677 434 AEn.
1707 395 1739 444 1,
1771 397 1841 435 ¹77:

389 465 535 506 iussa“.

365 498 384 516 υ
475 537 554 574 302
591 549 675 585 sqq.
721 535 911 573 trochaici
957 535 1183 584 septenarii.
1262 534 1353 571 303.
1402 529 1506 570 Tuis
1547 533 1591 569 A.
1637 529 1722 578 „et“
1767 531 1841 571 del.

360 604 494 651 Both.;
528 604 758 652 asyndeton,
790 616 828 640 V.
854 603 902 640 ad
925 603 1068 652 Amph.
1095 603 1188 639 891.
1217 621 1264 626 --
1301 602 1393 639 304.
1427 596 1512 638 Pro
1539 597 1715 650 inqenio,
1748 613 1841 650 qua·
1906 627 1926 639 2
1972 575 1978 591 x

359 677 473 709 tenus
504 672 704 719 ingenium
736 684 862 708 meum
901 670 1136 720 spectabam.
1178 688 1227 694 -
1271 669 1363 706 306.
1415 664 1510 716 Qui,
1542 669 1567 704 i.
1600 681 1632 704 e.
1671 669 1704 704 si
1743 670 1841 718 quis,

361 755 396 778 v.
429 740 477 776 ad
508 740 617 776 Asin.
653 740 744 776 321.
805 739 893 775 Aul.
935 739 1029 775 481.
1072 757 1125 761 -
1173 731 1318 775 Utrum
1340 745 1620 782 ..ne...an,
1652 735 1700 772 cf.
1732 734 1842 785 Capt.

361 809 441 845 267
474 821 558 844 cum
592 820 679 843 ann.
712 807 847 843 Brixii.
879 825 934 830 —
967 807 1058 843 310.
1093 801 1191 841 dum
1220 800 1331 869 uiuft
1359 803 1488 853 codd,
1528 803 1633 852 quod
1662 804 1747 840 iure
1777 803 1841 842 de-

360 875 485 912 fendit
528 875 670 922 Bergk.
718 875 905 912 Zeitschr.
952 873 976 910 f.
1024 872 1194 910 Alterth.
1246 872 1352 908 1852
1397 885 1435 920 p.
1478 872 1556 908 346
1603 884 1660 920 sq.
1710 875 1843 910 contra.

360 943 635 988 Ritschelium‚
682 945 748 991 qui
781 943 1005 980 Hermanno
1047 941 1162 977 duce:
1215 939 1306 986 „Sin
1346 941 1430 989 ipse
1469 940 1638 976 animum
1677 940 1840 990 pepulit,

359 1009 511 1048 uiuit?“
546 1031 597 1035 —-
631 1006 749 1054 cluet,
782 1024 817 1048 v.
837 1011 885 1047 ad
902 1010 1003 1047 Men.
1024 1010 1115 1046 840.
1140 1027 1194 1033 -
1221 1008 1298 1044 312
1331 1020 1388 1055 sq.
1421 1019 1492 1056 pro
1524 1008 1667 1056 spuriis
1697 1007 1842 1045 habent

360 1080 405 1117 R.
439 1080 593 1128 aliique.
655 1075 764 1117 lubet
801 1079 858 1115 ed.
899 1092 959 1127 pr.
1005 1097 1060 1103 —-
1104 1073 1240 1114 cluent
1276 1076 1321 1111 A.
1361 1070 1600 1130 (CIUENT).
1649 1095 1704 1100 —
1750 1077 1840 1114 314.
1895 1120 1898 1124 ,

359 1145 682 1196 inteywmentum
720 1148 772 1193 A,
820 1148 844 1183 i.
879 1161 908 1183 e.
949 1150 1115 1191 tectum;
1161 1157 1246 1180 nam
1287 1156 1370 1180 cum
1409 1143 1557 1180 aedibus
1596 1148 1842 1194 comparatur

359 1217 526 1254 hominis
558 1217 649 1261 vita,
680 1221 723 1251 ut
757 1215 874 1252 Most.
909 1216 1076 1262 88'sqq.
1146 1212 1246 1248 Huic
1276 1215 1473 1260 praecepta
1502 1225 1574 1260 pro
1604 1216 1709 1249 tecto
1740 1215 1840 1260 sunt,

358 1284 463 1334 quod
495 1283 655 1321 sartum
688 1283 834 1320 tectum
865 1282 1008 1319 habere
1041 1282 1152 1320 decet
1184 1280 1235 1328 (v.
1271 1279 1389 1331 318);
1423 1283 1469 1319 cf.
1498 1282 1575 1319 Cic.
1602 1280 1710 1318 Fam.
1735 1279 1839 1327 XIII,

362 1355 430 1391 50:
469 1353 575 1399 „Hoc
607 1351 699 1388 mihi
724 1351 775 1386 da
792 1342 916 1399 vatque
933 1351 1090 1398 largire,
1122 1354 1167 1388 ut
1193 1345 1423 1388 M'.Curium
1449 1348 1596 1387 sartum
1621 1354 1659 1386 et
1681 1352 1838 1396 tectum,

357 1427 402 1458 ut
433 1423 552 1466 aiunt,
586 1420 633 1456 ab
665 1420 846 1467 omnique
871 1419 1128 1465 incommodo,
1161 1418 1410 1464 detrimento,
1444 1419 1624 1455 molestia
1649 1419 1838 1454 sincerum

356 1491 629 1538 integrumque
662 1487 907 1525 conserves⁴‘.
942 1506 994 1511 -—
1035 1486 1125 1524 315.
1163 1483 1492 1532 conciliabulum,
1524 1486 1571 1523 cf.
1604 1485 1742 1523 Bacch.
1774 1485 1837 1522 78.

358 1554 509 1603 damni,
542 1556 645 1593 unde
677 1556 857 1593 damnum
890 1559 1126 1604 reportatur.
1189 1555 1295 1592 Brix.
1328 1555 1479 1592 confert
1501 1554 1605 1591 Men.
1630 1554 1731 1591 969:
1768 1565 1837 1600 „ex

357 1627 429 1664 hoc
455 1625 558 1662 saltu
583 1622 754 1661 damni“.
815 1622 892 1660 Cic.
919 1623 1029 1661 Rosc.
1054 1623 1140 1660 Am.
1167 1625 1231 1661 46.
1263 1624 1363 1660 134:
1414 1623 1703 1669 „deversorium
1734 1619 1836 1670 flagi-

355 1695 498 1731 tiorum
532 1689 744 1729 omuium“.
779 1692 826 1728 al.
874 1711 929 1715 --
975 1692 1067 1728 316.
1100 1688 1199 1729 Neu
1229 1691 1275 1728 A.
1322 1711 1375 1715 —
1420 1691 1544 1728 noctu
1573 1684 1841 1732 ambulatum,-

358 1762 404 1798 cf.
437 1761 484 1798 ad
516 1760 656 1810 Amph.
693 1761 782 1797 153.
815 1779 865 1783 -
903 1760 994 1797 319.
1028 1755 1262 1807 exprobras.
1331 1759 1479 1796 Positio
1510 1761 1648 1808 primae
1679 1757 1835 1806 syllabae

356 1831 542 1879 neglecta,
576 1842 608 1866 v.
641 1828 797 1875 Proleg.
830 1842 867 1877 p.
895 1828 987 1864 202.
1020 1847 1074 1852 —
1109 1828 1199 1865 321.
1231 1829 1331 1864 Ante
1354 1824 1544 1875 paenitet
1575 1823 1699 1873 ‚,non“
1734 1829 1834 1863 recte

357 1899 505 1936 omittit
536 1898 588 1943 A3
635 1900 694 1933 est
731 1897 832 1933 enim
876 1909 1037 1944 „parum
1081 1894 1277 1943 videtur“‚
1310 1909 1345 1933 v.
1378 1895 1427 1931 ad
1458 1894 1596 1932 Bacch.
1635 1895 1751 1932 1182.
1781 1912 1834 1919 -

359 1966 549 2003 322——23
583 1964 627 2002 R.
660 1965 698 2000 in
730 1964 853 2001 altera
884 1964 1055 2000 editione
1087 1963 1306 2010 damnavit3
1341 1964 1419 2000 324
1451 1964 1526 2000 iam
1559 1967 1672 1999 antea
1695 1961 1833 1999 Bothio

356 2034 452 2070 duce
470 2037 557 2070 ante
577 2034 654 2070 321
673 2036 870 2082 posuerat,
903 2046 924 2068 a
947 2045 1024 2081 qua
1054 2033 1207 2069 ratione
1231 2031 1461 2081 Spengelius
1490 2032 1575 2068 iure
1606 2031 1763 2068 recedit.
1781 2048 1833 2054 -

357 2103 449 2139 324.
467 2098 672 2150 perteyito
688 2095 978 2148 neperpluant,
1006 2100 1052 2137 cf.
1073 2099 1185 2138 Most.
1208 2101 1298 2137 108.
1319 2119 1368 2124 -
1397 2100 1488 2137 327.
1513 2095 1609 2136 Izi-nc
1625 2098 1831 2144 Vollbehr„

355 2170 401 2206 ef.
419 2169 535 2218 Epid.
556 2170 648 2206 600.
695 2168 782 2206 Ter.
801 2168 921 2205 Andr.
948 2169 1040 2206 833.
1074 2169 1200 2205 Aliter
1216 2168 1317 2205 infra
1338 2169 1428 2205 360.
1455 2187 1507 2192 —
1527 2167 1617 2205 328.
1649 2163 1831 2216 σοφίὐαΐθ,

356 2238 401 2275 cf.
420 2237 504 2274 Mil.
525 2238 616 2274 940.
648 2256 702 2262 -—
735 2238 826 2274 329.
860 2233 923 2273 illi
953 2237 1136 2282 abundat,
1170 2251 1203 2273 v.
1224 2236 1271 2272 ad
1289 2237 1396 2272 Asin.
1418 2237 1509 2273 523.
1541 2255 1595 2260 -
1619 2234 1752 2281 newis,
1783 2234 1828 2272 cf.

356 2305 403 2342 ad
424 2306 538 2342 Most.
561 2306 650 2342 107.
684 2325 736 2329 —
768 2301 929 2352 Nempe
946 2307 989 2341 A.
1022 2324 1077 2329 ——
1111 2305 1189 2342 330
1222 2309 1326 2341 recte
1352 2304 1397 2340 A.
1424 2324 1480 2328 —
1508 2305 1599 2341 332.
1627 2303 1726 2340 Num
1757 2299 1829 2340 ad-

353 2369 476 2422 finis,
510 2375 531 2409 i.
567 2386 598 2409 e.
633 2375 844 2423 particeps,
876 2373 951 2409 fuit
982 2376 1046 2409 aut
1079 2372 1325 2421 publicorum
1358 2376 1425 2409 aut
1456 2372 1736 2409 maritimorum
1765 2382 1830 2407 ne-

353 2443 569 2490 gotiorum,
617 2445 660 2477 ut
698 2445 765 2478 aut
808 2441 976 2491 publicis
1017 2440 1114 2477 male
1152 2440 1353 2478 conductis
1398 2443 1465 2477 aut
1504 2439 1708 2488 naufragio
1748 2449 1828 2475 rem

353 2508 595 2558 perdiderit?
670 2509 729 2545 Ad
777 2510 969 2545 maritima
1008 2507 1144 2558 Wagu.
1187 2509 1269 2545 iure
1314 2508 1464 2545 confert
1508 2507 1704 2544 Plutarch.
1745 2493 1826 2543 C'at.

352 2579 441 2614 mai.
476 2578 538 2615 21.
594 2596 635 2602 —
686 2578 776 2614 333.
825 2573 1094 2614 Mercaturan
1132 2576 1183 2622 A,
1230 2590 1279 2614 sc.
1320 2576 1500 2613 damnum
1539 2578 1722 2625 expertus
1757 2577 1824 2621 est,

352 2645 457 2694 quod
488 2645 601 2682 facile
632 2645 883 2693 intelligitur3
932 2647 1184 2681 mercaturam
1225 2644 1366 2681 habere
1403 2656 1475 2694 pro
1513 2644 1638 2680 facere
1676 2643 1743 2679 vix
1772 2640 1826 2678 di-

351 2714 465 2750 citur.
526 2712 676 2750 Nonius
705 2726 743 2762 p.
778 2714 855 2750 212
889 2726 1043 2750 versum
1075 2711 1188 2749 affert
1218 2713 1290 2748 sic:
1334 2711 1619 2759 „Mercaturam
1652 2723 1734 2747 eam
1763 2721 1826 2746 ue·
1878 2698 1883 2704 ⁴

351 2781 450 2818 nalis
483 2778 582 2818 cet“.
615 2800 669 2806 —-
700 2777 879 2826 uenalis,
911 2794 1065 2827 servos,
1099 2781 1144 2817 cf.
1178 2780 1227 2817 ad
1258 2779 1366 2829 Capt.
1400 2780 1463 2816 98.
1497 2799 1550 2803 —
1583 2779 1673 2816 334.
1705 2772 1824 2815 comi·
