2009 3218
364 219 443 258 542
1029 215 1188 251 Stichus.

362 340 566 382 (leleniam
595 344 642 381 A.
680 362 735 368 —
772 344 866 381 461.
915 344 1058 381 Hiatur
1085 355 1163 382 non
1195 345 1321 382 solum
1352 346 1392 381 in
1423 357 1591 392 caesura,
1630 345 1698 384 sed
1728 349 1846 386 etiam
1903 358 1906 365 ·

360 414 450 448 ante
480 406 615 457 hodie3
648 411 714 448 R.:
750 411 906 458 „hercle
935 411 1052 449 hodie
1082 413 1195 462 ego“.
1226 432 1281 437 —
1313 413 1406 450 462.
1439 410 1584 450 Hiatur
1613 413 1653 450 in
1686 425 1843 453 caesura.
1973 447 1977 462 ,

360 478 403 515 R.
446 483 596 516 temere
637 476 727 525 „ut“
772 477 929 516 addidit
973 482 1014 516 et
1050 480 1153 517 hunc
1190 493 1347 517 versum
1383 481 1563 529 proximo
1601 483 1847 530 postposuit3

359 547 490 595 potius
521 559 607 584 cum
630 546 808 583 Acidalio
834 536 880 584 ‘et
908 546 1086 585 Bentleio
1115 548 1235 594 „mihi
1260 543 1343 596 (mi)
1375 543 1561 584 abstulit“
1587 548 1846 588 scribendum.

349 613 522 661 praeter
541 610 693 662 pedes,
734 617 825 651 ante
855 614 993 664 pedes,
1041 615 1088 652 cf.
1122 615 1240 652 Poen.
1275 615 1379 653 Prol.
1415 616 1476 654 19.
1525 614 1601 652 Cic.
1633 615 1744 652 Verr.
1775 615 1845 663 ΠΙ,

361 682 425 727 25,
461 683 523 719 62.
570 681 662 719 Tac.
694 681 797 719 Hist.
829 681 894 744 RV,
929 683 1000 719 30:
1038 685 1209 732 „praeter
1241 695 1400 719 suorum
1431 680 1539 720 ora“.
1566 702 1620 708 —
1651 684 1746 721 463.
1779 679 1844 721 ob·
1911 723 1919 725 .
1973 650 2007 700 ’ἱ

358 745 589 795 scaeuauit,
628 762 742 786 omen
779 749 942 795 obtulit,
990 764 1026 786 v.
1058 750 1166 787 Asin.
1202 750 1281 787 264
1313 762 1398 786 cum
1431 763 1540 796 ann.;
1587 764 1676 787 nam
1706 763 1844 788 scaeva

359 829 471 853 omen
512 820 589 863 est,
642 831 679 854 v.
710 817 815 854 Fest.
856 830 894 866 p.
931 818 1024 855 325.
1085 817 1171 855 Cas.
1205 819 1296 855 892.
1355 817 1497 854 Pseud.
1533 818 1660 855 1141:
1718 817 1845 864 „bona

359 897 498 921 scaeua
537 888 594 921 est
625 882 758 922 mihi“.
811 885 913 921 iufra
945 886 1043 922 672:
1095 884 1228 931 „Bona
1261 898 1402 922 scaeua
1439 888 1649 934 strenaque
1688 885 1843 924 obuiam

359 953 522 990 occessit
551 949 693 998 mihi“;
724 953 827 990 unde
858 952 903 989 R.
928 953 968 989 in
1000 965 1088 989 ann.
1112 951 1175 989 hic
1205 952 1452 990 scribendum
1483 954 1669 990 coniecit:
1715 952 1845 1000 „Bona

359 1023 490 1058 strena
518 1021 571 1056 mi
603 1016 895 1057 obscaeuauit“.
955 1019 1037 1056 Nec
1063 1020 1110 1056 de
1133 1021 1260 1068 primo
1284 1020 1474 1058 vocabulo
1502 1020 1675 1058 dubitari
1701 1025 1843 1070 potest,
1904 1053 1909 1062 ,
1974 1056 1976 1063 ‚

1970 1068 1982 1084 Ι,

359 1088 426 1126 sed
461 1086 641 1136 „strena“
676 1101 754 1125 non
786 1091 845 1125 est
874 1099 1010 1134 omen3
1051 1087 1195 1125 donum
1228 1090 1288 1125 est
1318 1088 1455 1125 ominis
1486 1101 1600 1126 causa
1632 1087 1778 1136 datum,
1808 1102 1843 1128 v.
1894 1104 1921 1122 ,ψ’
1972 1081 1982 1118 ¹⁵¹

358 1155 463 1194 Fest.
482 1170 519 1206 p.
541 1157 637 1194 313:
677 1155 881 1202 „strenam
914 1168 1109 1201 vocamus,
1142 1168 1228 1204 quae
1260 1155 1375 1192 datur
1406 1156 1470 1193 die
1494 1156 1682 1204 religioso
1707 1157 1845 1194 ominis
1906 1161 1913 1190 ἐ
1972 1154 1981 1165 '¹

358 1224 448 1261 boni
479 1222 648 1272 gratia“.
710 1223 782 1260 Hic
812 1236 904 1260 vero
935 1223 1085 1260 nullum
1118 1224 1262 1260 donum
1294 1226 1371 1269 θεῖς
1402 1225 1535 1272 itaque
1552 1219 1677 1261 Bona
1699 1233 1845 1263 scaeua
1904 1226 1913 1254 ‘-

357 1291 626 1338 scribendum
665 1293 783 1328 etiam
817 1289 960 1337 „mihi“
1007 1291 1227 1328 addendum
1264 1291 1421 1328 videtur
1459 1296 1539 1328 tam
1569 1291 1698 1329 hiatus
1730 1305 1844 1341 quam
1906 1277 1913 1284 ’

357 1361 559 1397 sententiae
591 1373 718 1397 causa.
752 1379 807 1383 —
836 1358 1079 1406 spectatum,
1113 1359 1377 1409 exploratum,
1418 1363 1578 1397 certum.
1612 1379 1665 1384 —
1695 1356 1770 1397 hoc
1797 1359 1842 1398 A.

357 1447 412 1452 —
443 1429 536 1465 465.
569 1437 615 1466 ac
645 1429 698 1474 A,
738 1428 762 1463 i.
797 1440 829 1464 e.
862 1431 923 1472 ut,
971 1423 1190 1464 item..ac
1227 1428 1341 1463 etiam
1374 1427 1498 1465 Varro
1529 1427 1650 1464 L.·L.
1683 1427 1738 1473 X,
1779 1428 1844 1466 74.
1903 1412 1911 1418 .
1970 1428 1975 1438 “

358 1495 469 1542 Quod
500 1496 695 1533 antecedit
725 1495 849 1532 altera
879 1495 1131 1544 comparatio,
1164 1495 1210 1531 cf.
1229 1494 1278 1531 ad
1295 1490 1514 1545 Pers.{836.
1538 1515 1594 1520 —
1624 1496 1718 1533 467.
1750 1496 1846 1534 Post
1900 1519 1902 1522 >
1969 1496 1977 1535 ἵ

357 1560 591 1613 Epiqnome
625 1564 768 1601 hiatur.
808 1582 861 1588 ·-
901 1564 995 1600 468.
1038 1558 1274 1611 prosiliunt
1301 1562 1348 1600 A.
1388 1582 1442 1588 —
1483 1564 1576 1601 469.
1633 1559 1842 1603 Ualuistin

354 1643 496 1682 usque,
527 1646 561 1670 v.
595 1633 644 1669 ad
676 1631 786 1670 Curc.
823 1633 884 1668 16.
919 1651 973 1656 —
1002 1627 1144 1668 sedulo
1177 1630 1409 1680 diligenter,
1450 1644 1486 1668 v.
1518 1631 1569 1668 ad
1600 1630 1712 1681 Capt.
1747 1632 1840 1670 880.

355 1701 456 1738 infra
489 1701 581 1738 588.
613 1720 667 1725 —
705 1700 799 1737 470.
846 1694 1032 1747 Propino
1075 1694 1148 1736 tibi
1189 1695 1384 1746 salutem,
1417 1699 1544 1736 salute
1573 1703 1612 1735 te
1644 1700 1842 1750 impertio,
1895 1704 1901 1709 '

357 1773 401 1806 ut
430 1769 575 1818 legitur
605 1768 721 1818 Epid.
758 1768 854 1814 1293
901 1768 1098 1817 parasitus
1129 1766 1395 1804 convivalibus
1425 1764 1588 1804 vocibus
1619 1768 1759 1805 utitur.
1791 1785 1844 1792 -

357 1838 450 1874 472.
482 1837 561 1873 Aut
591 1850 677 1873 cum
708 1835 925 1873 Ritschelio
957 1833 1205 1872 statuendum
1237 1837 1298 1871 est
1323 1833 1512 1873 excidisse
1538 1848 1693 1872 versum
1717 1835 1842 1873 velut:

362 1904 511 1954 „Igitur
548 1907 591 1941 tu
629 1903 734 1955 apud
772 1917 833 1942 me
870 1917 982 1940 cenes
1021 1902 1158 1951 hodie,
1207 1901 1301 1940 dent
1344 1900 1477 1949 uolo“,
1525 1906 1594 1941 aut
1639 1903 1839 1953 proximus

356 1985 490 2025 versus
521 1971 795 2021 corrigendus.
829 1971 953 2008 velut:
1006 1969 1135 2018 „Cena
1175 1971 1362 2021 accipiam
1392 1974 1451 2018 te,
1499 1972 1683 2021 quoniam
1713 1970 1842 2009 saluos
1896 1974 1904 1986 ³
1964 1985 1973 1999 ⁸

357 2038 558 2078 aduenis“.
598 2060 652 2065 —
689 2040 783 2076 474.
826 2035 982 2078 Locata
1011 2038 1073 2076 est
1103 2047 1224 2087 opera
1255 2039 1300 2076 A.
1370 2038 1419 2076 Se
1449 2051 1564 2088 posse
1596 2042 1731 2087 negat3
1776 2038 1844 2077 alii
1908 2087 1913 2091 ⁴
1964 2071 1967 2080 .

356 2122 396 2147 se
433 2109 658 2158 promisisse
694 2111 733 2144 et
773 2109 884 2157 quasi
925 2119 1085 2156 operam
1125 2107 1285 2144 locasse.
1319 2128 1375 2133 —
1415 2106 1499 2145 tam
1526 2103 1668 2156 qratia
1698 2106 1772 2155 est,
1803 2119 1839 2145 v.
1964 2091 1968 2101 ’

357 2177 407 2214 ad
443 2177 546 2214 Men.
596 2177 688 2214 379.
744 2195 799 2200 —
845 2176 1037 2213 475—79
1087 2171 1571 2225 ineptam-,variationem
1618 2188 1702 2212 esse
1754 2187 1840 2212 ver-

357 2257 468 2283 suum
500 2245 741 2290 481-484,
787 2256 858 2292 pro
897 2247 1003 2281 certo
1043 2243 1186 2290 babeo,
1233 2244 1280 2280 cf.
1312 2243 1448 2280 Muell.
1481 2243 1643 2280 Prosod.
1674 2256 1713 2292 p.
1746 2242 1838 2280 242.
1904 2230 1909 2248 ¹

357 2311 491 2351 Goetz.
524 2313 608 2349 Act.
644 2312 749 2362 Lips
787 2311 841 2348 VI
878 2325 917 2362 p.
962 2312 1055 2349 256.
1106 2331 1154 2337 —
1205 2307 1323 2350 Certa
1369 2320 1457 2357 res,
1504 2323 1556 2348 sc.
1598 2314 1676 2357 est,
1722 2308 1837 2359 quod,

355 2382 388 2418 si
418 2380 548 2418 Plauti
579 2393 712 2417 versus
743 2383 866 2426 esset,
899 2378 1095 2417 adderem.
1141 2399 1196 2405 —-
1240 2380 1335 2416 476.
1381 2388 1444 2416 me
1473 2374 1605 2416 hercle
1636 2377 1740 2415 Cam.
1786 2396 1839 2403 -—

358 2449 452 2486 477.
498 2457 600 2485 usus
636 2444 784 2493 ueniet,
831 2461 868 2484 v.
908 2446 955 2483 ad
987 2447 1126 2486 Bacch.
1161 2448 1252 2485 360.
1284 2466 1337 2472 —
1379 2448 1472 2485 478.
1524 2441 1704 2484 Censeas
1741 2444 1837 2496 Epi·
1895 2460 1897 2465 ⁴

359 2529 499 2566 gnomo
530 2515 670 2561 tribui,
703 2517 831 2564 quasi:
864 2519 908 2552 tu
939 2519 1114 2561 censet03
1154 2515 1236 2564 ipse
1268 2515 1461 2560 iudicato3
1502 2527 1656 2551 causam
1688 2513 1840 2564 exposi-

357 2587 489 2621 turum
518 2583 745 2632 interpellat
774 2584 980 2632 parasitus
1020 2602 1074 2608 -—
1113 2583 1205 2620 479.
1244 2592 1342 2620 uero
1373 2595 1509 2632 parum
1541 2581 1741 2630 eleganter
1769 2591 1839 2631 po-

358 2652 466 2689 nitur
494 2652 613 2688 tertio
644 2651 729 2688 loco
760 2663 831 2700 pro
860 2650 969 2698 „Ego
993 2663 1086 2688 uero
1113 2650 1242 2687 nescio
1267 2647 1402 2700 quid“,
1435 2662 1514 2698 quo
1540 2662 1661 2698 quum
1683 2647 1841 2686 accedat

358 2719 500 2765 hiatus,
532 2718 708 2768 quamvis
738 2719 778 2754 in
809 2730 955 2755 caesura
984 2718 1191 2767 legitimus,
1234 2718 1307 2755 viri
1349 2716 1454 2754 docti
1485 2717 1594 2754 varia
1624 2717 1837 2754 tentarunt.

358 2806 414 2812 -—-
443 2783 489 2824 in
517 2783 682 2833 mundo,
713 2789 905 2836 paratum,
936 2799 971 2821 v.
998 2785 1046 2823 ad
1071 2785 1177 2822 Pers.
1196 2785 1261 2822 46.
1293 2803 1348 2809 -
1384 2784 1476 2822 480.
1510 2784 1649 2822 Plauto
1680 2782 1837 2820 minime
