<?xml version="1.0" encoding="UTF-8"?>
<!DOCTYPE html PUBLIC "-//W3C//DTD XHTML 1.0 Transitional//EN"
    "http://www.w3.org/TR/xhtml1/DTD/xhtml1-transitional.dtd">
<html xmlns="http://www.w3.org/1999/xhtml" xml:lang="en" lang="en">
 <head>
  <title>
</title>
<meta http-equiv="Content-Type" content="text/html;charset=utf-8" />
  <meta name='ocr-system' content='tesseract 3.04.00' />
  <meta name='ocr-capabilities' content='ocr_page ocr_carea ocr_par ocr_line ocrx_word'/>
</head>
<body>
  <div class='ocr_page' id='page_1' title='image "./comoediaerecensu05plauuoft_0563.png"; bbox 0 0 2009 3218; ppageno 0'>
   <div class='ocr_carea' id='block_1_1' title="bbox 736 208 1612 250">
    <p class='ocr_par' dir='ltr' id='par_1_1' title="bbox 736 208 1612 250">
     <span class='ocr_line' id='line_1_1' title="bbox 736 208 1612 250; baseline 0.009 -8"><span class='ocrx_word' id='word_1_1' title='bbox 736 208 777 243; x_wconf 88' lang='lat' dir='ltr'><strong>V.</strong></span> <span class='ocrx_word' id='word_1_2' title='bbox 806 209 996 243; x_wconf 82' lang='lat'>732—773.</span> <span class='ocrx_word' id='word_1_3' title='bbox 1533 211 1612 250; x_wconf 82' lang='lat'><strong>557</strong></span> 
     </span>
    </p>
   </div>
   <div class='ocr_carea' id='block_1_2' title="bbox 87 335 1616 2083">
    <p class='ocr_par' dir='ltr' id='par_1_2' title="bbox 123 335 1612 457">
     <span class='ocr_line' id='line_1_2' title="bbox 123 335 1612 386; baseline -0.003 -8"><span class='ocrx_word' id='word_1_4' title='bbox 123 339 347 378; x_wconf 80' lang='lat' dir='ltr'><strong>saltationis</strong></span> <span class='ocrx_word' id='word_1_5' title='bbox 385 337 519 386; x_wconf 83' lang='lat' dir='ltr'><strong>generi</strong></span> <span class='ocrx_word' id='word_1_6' title='bbox 559 337 870 382; x_wconf 75' lang='lat' dir='ltr'><strong>convenientem,</strong></span> <span class='ocrx_word' id='word_1_7' title='bbox 919 350 954 374; x_wconf 87' lang='lat' dir='ltr'>v.</span> <span class='ocrx_word' id='word_1_8' title='bbox 988 337 1036 374; x_wconf 83' lang='lat' dir='ltr'><strong>ad</strong></span> <span class='ocrx_word' id='word_1_9' title='bbox 1071 338 1158 375; x_wconf 82' lang='lat' dir='ltr'><strong>Aul.</strong></span> <span class='ocrx_word' id='word_1_10' title='bbox 1193 338 1286 375; x_wconf 80' lang='lat'>414.</span> <span class='ocrx_word' id='word_1_11' title='bbox 1326 357 1381 362; x_wconf 94' lang='lat'><strong>—</strong></span> <span class='ocrx_word' id='word_1_12' title='bbox 1421 338 1514 374; x_wconf 87' lang='grc'>759.</span> <span class='ocrx_word' id='word_1_13' title='bbox 1555 335 1612 374; x_wconf 87' lang='lat' dir='ltr'><strong>Cf.</strong></span> 
     </span>
     <span class='ocr_line' id='line_1_3' title="bbox 123 404 1450 457; baseline -0.002 -13"><span class='ocrx_word' id='word_1_14' title='bbox 123 406 238 457; x_wconf 87' lang='lat' dir='ltr'><strong>Apul.</strong></span> <span class='ocrx_word' id='word_1_15' title='bbox 270 405 365 442; x_wconf 73' lang='lat' dir='ltr'><strong>Met.</strong></span> <span class='ocrx_word' id='word_1_16' title='bbox 397 404 445 451; x_wconf 93' lang='lat' dir='ltr'><strong>X,</strong></span> <span class='ocrx_word' id='word_1_17' title='bbox 481 405 551 441; x_wconf 91' lang='lat'><strong>22:</strong></span> <span class='ocrx_word' id='word_1_18' title='bbox 588 417 659 451; x_wconf 85' lang='lat' dir='ltr'><strong>„ex</strong></span> <span class='ocrx_word' id='word_1_19' title='bbox 691 404 910 452; x_wconf 71' lang='lat' dir='ltr'><strong>unguiculis</strong></span> <span class='ocrx_word' id='word_1_20' title='bbox 942 408 1239 454; x_wconf 81' lang='lat' dir='ltr'><strong>perpruriscens</strong></span> <span class='ocrx_word' id='word_1_21' title='bbox 1270 404 1450 443; x_wconf 87' lang='lat' dir='ltr'><strong>mulier“.</strong></span> 
     </span>
    </p>

    <p class='ocr_par' dir='ltr' id='par_1_3' title="bbox 118 469 1616 1745">
     <span class='ocr_line' id='line_1_4' title="bbox 235 469 1614 522; baseline 0 -13"><span class='ocrx_word' id='word_1_22' title='bbox 235 473 426 510; x_wconf 83' lang='lat'>760—66</span> <span class='ocrx_word' id='word_1_23' title='bbox 465 473 622 510; x_wconf 79' lang='lat' dir='ltr'><strong>senarii.</strong></span> <span class='ocrx_word' id='word_1_24' title='bbox 698 469 813 510; x_wconf 72' lang='lat' dir='ltr'><strong>haud</strong></span> <span class='ocrx_word' id='word_1_25' title='bbox 849 471 937 508; x_wconf 86' lang='lat' dir='ltr'><strong>add.</strong></span> <span class='ocrx_word' id='word_1_26' title='bbox 983 472 1161 509; x_wconf 88' lang='lat' dir='ltr'><strong>Pistoris.</strong></span> <span class='ocrx_word' id='word_1_27' title='bbox 1238 473 1297 510; x_wconf 91' lang='lat' dir='ltr'><strong>Ad</strong></span> <span class='ocrx_word' id='word_1_28' title='bbox 1333 474 1411 510; x_wconf 86' lang='lat'><strong>714</strong></span> <span class='ocrx_word' id='word_1_29' title='bbox 1444 486 1501 522; x_wconf 88' lang='lat' dir='ltr'><strong>sq.</strong></span> <span class='ocrx_word' id='word_1_30' title='bbox 1535 472 1614 510; x_wconf 87' lang='lat' dir='ltr'><strong>haec</strong></span> 
     </span>
     <span class='ocr_line' id='line_1_5' title="bbox 122 536 1616 588; baseline -0.001 -8"><span class='ocrx_word' id='word_1_31' title='bbox 122 542 365 586; x_wconf 82' lang='lat' dir='ltr'><strong>referuntur3</strong></span> <span class='ocrx_word' id='word_1_32' title='bbox 398 536 579 578; x_wconf 79' lang='lat' dir='ltr'><strong>(ludum.</strong></span> <span class='ocrx_word' id='word_1_33' title='bbox 601 570 608 578; x_wconf 94' lang='lat'>.</span> <span class='ocrx_word' id='word_1_34' title='bbox 629 536 806 588; x_wconf 75' lang='lat' dir='ltr'><strong>‚accipit</strong></span> <span class='ocrx_word' id='word_1_35' title='bbox 829 539 905 576; x_wconf 82' lang='lat' dir='ltr'><strong>sibi</strong></span> <span class='ocrx_word' id='word_1_36' title='bbox 932 540 1039 586; x_wconf 89' lang='lat' dir='ltr'><strong>dicit,</strong></span> <span class='ocrx_word' id='word_1_37' title='bbox 1074 540 1162 577; x_wconf 76' lang='lat' dir='ltr'><strong>tene</strong></span> <span class='ocrx_word' id='word_1_38' title='bbox 1188 542 1331 577; x_wconf 86' lang='lat' dir='ltr'><strong>iterum</strong></span> <span class='ocrx_word' id='word_1_39' title='bbox 1356 541 1520 586; x_wconf 75' lang='lat' dir='ltr'><strong>tibicini,</strong></span> <span class='ocrx_word' id='word_1_40' title='bbox 1555 537 1616 578; x_wconf 66' lang='lat' dir='ltr'><strong>Iu</strong></span> 
     </span>
     <span class='ocr_line' id='line_1_6' title="bbox 123 605 1616 658; baseline -0.001 -10"><span class='ocrx_word' id='word_1_41' title='bbox 123 605 289 648; x_wconf 71' lang='lat' dir='ltr'><strong>inierim</strong></span> <span class='ocrx_word' id='word_1_42' title='bbox 320 621 411 645; x_wconf 88' lang='lat' dir='ltr'><strong>vero</strong></span> <span class='ocrx_word' id='word_1_43' title='bbox 444 607 673 658; x_wconf 82' lang='lat' dir='ltr'><strong>Stephanio.</strong></span> <span class='ocrx_word' id='word_1_44' title='bbox 750 607 849 644; x_wconf 79' lang='lat' dir='ltr'><strong>Edd.</strong></span> <span class='ocrx_word' id='word_1_45' title='bbox 882 607 982 645; x_wconf 88' lang='lat' dir='ltr'><strong>male</strong></span> <span class='ocrx_word' id='word_1_46' title='bbox 1026 612 1140 654; x_wconf 78' lang='lat' dir='ltr'><strong>„tene</strong></span> <span class='ocrx_word' id='word_1_47' title='bbox 1178 606 1245 645; x_wconf 85' lang='lat' dir='ltr'><strong>tu“</strong></span> <span class='ocrx_word' id='word_1_48' title='bbox 1289 610 1514 646; x_wconf 84' lang='lat' dir='ltr'><strong>iunxerunt.</strong></span> <span class='ocrx_word' id='word_1_49' title='bbox 1563 628 1616 634; x_wconf 89' lang='lat'>—</span> 
     </span>
     <span class='ocr_line' id='line_1_7' title="bbox 123 671 1613 726; baseline -0.001 -12"><span class='ocrx_word' id='word_1_50' title='bbox 123 677 216 715; x_wconf 87' lang='lat'>762.</span> <span class='ocrx_word' id='word_1_51' title='bbox 249 671 376 713; x_wconf 79' lang='lat' dir='ltr'><strong>Meus</strong></span> <span class='ocrx_word' id='word_1_52' title='bbox 409 671 561 722; x_wconf 75' lang='lat' dir='ltr'><strong>oculus,</strong></span> <span class='ocrx_word' id='word_1_53' title='bbox 595 676 861 713; x_wconf 83' lang='lat' dir='ltr'><strong>nominativus</strong></span> <span class='ocrx_word' id='word_1_54' title='bbox 891 689 964 726; x_wconf 87' lang='lat' dir='ltr'><strong>pro</strong></span> <span class='ocrx_word' id='word_1_55' title='bbox 996 677 1194 722; x_wconf 81' lang='lat' dir='ltr'><strong>vocativo,</strong></span> <span class='ocrx_word' id='word_1_56' title='bbox 1228 690 1262 713; x_wconf 90' lang='lat' dir='ltr'>v.</span> <span class='ocrx_word' id='word_1_57' title='bbox 1296 676 1344 712; x_wconf 78' lang='lat' dir='ltr'><strong>ad</strong></span> <span class='ocrx_word' id='word_1_58' title='bbox 1377 675 1485 714; x_wconf 83' lang='lat' dir='ltr'><strong>Asin.</strong></span> <span class='ocrx_word' id='word_1_59' title='bbox 1521 677 1613 713; x_wconf 82' lang='lat'>648.</span> 
     </span>
     <span class='ocr_line' id='line_1_8' title="bbox 123 742 1615 793; baseline 0 -12"><span class='ocrx_word' id='word_1_60' title='bbox 123 763 175 770; x_wconf 90' lang='lat'><strong>·-</strong></span> <span class='ocrx_word' id='word_1_61' title='bbox 216 744 293 781; x_wconf 90' lang='lat'><strong>763</strong></span> <span class='ocrx_word' id='word_1_62' title='bbox 328 747 537 793; x_wconf 88' lang='lat' dir='ltr'><strong>corruptus</strong></span> <span class='ocrx_word' id='word_1_63' title='bbox 574 746 614 780; x_wconf 90' lang='lat' dir='ltr'><strong>et</strong></span> <span class='ocrx_word' id='word_1_64' title='bbox 650 744 812 781; x_wconf 83' lang='lat' dir='ltr'><strong>inccrtae</strong></span> <span class='ocrx_word' id='word_1_65' title='bbox 851 743 1149 780; x_wconf 75' lang='lat' dir='ltr'><strong>emendationis,</strong></span> <span class='ocrx_word' id='word_1_66' title='bbox 1221 742 1425 780; x_wconf 82' lang='lat' dir='ltr'><strong>Ritschelii</strong></span> <span class='ocrx_word' id='word_1_67' title='bbox 1457 743 1615 793; x_wconf 73' lang='lat' dir='ltr'><strong>quidem</strong></span> 
     </span>
     <span class='ocr_line' id='line_1_9' title="bbox 123 811 1615 861; baseline -0.001 -11"><span class='ocrx_word' id='word_1_68' title='bbox 123 813 333 861; x_wconf 81' lang='lat' dir='ltr'><strong>scriptura:</strong></span> <span class='ocrx_word' id='word_1_69' title='bbox 372 811 504 857; x_wconf 87' lang='lat' dir='ltr'>„STE.</span> <span class='ocrx_word' id='word_1_70' title='bbox 537 811 796 850; x_wconf 86' lang='lat' dir='ltr'><strong>Prostibulist</strong></span> <span class='ocrx_word' id='word_1_71' title='bbox 827 814 957 849; x_wconf 79' lang='lat' dir='ltr'><strong>autem</strong></span> <span class='ocrx_word' id='word_1_72' title='bbox 989 814 1157 848; x_wconf 80' lang='lat' dir='ltr'><strong>stantem</strong></span> <span class='ocrx_word' id='word_1_73' title='bbox 1190 812 1310 847; x_wconf 87' lang='lat' dir='ltr'><strong>stanti</strong></span> <span class='ocrx_word' id='word_1_74' title='bbox 1336 812 1487 848; x_wconf 83' lang='lat' dir='ltr'><strong>sauium</strong></span> <span class='ocrx_word' id='word_1_75' title='bbox 1513 811 1615 849; x_wconf 83' lang='lat' dir='ltr'><strong>Dare</strong></span> 
     </span>
     <span class='ocr_line' id='line_1_10' title="bbox 122 877 1614 917; baseline -0.001 0"><span class='ocrx_word' id='word_1_76' title='bbox 122 881 282 917; x_wconf 77' lang='lat' dir='ltr'><strong>amicam</strong></span> <span class='ocrx_word' id='word_1_77' title='bbox 321 877 468 917; x_wconf 82' lang='lat' dir='ltr'><strong>amico“</strong></span> <span class='ocrx_word' id='word_1_78' title='bbox 511 892 580 917; x_wconf 86' lang='lat' dir='ltr'><strong>nec</strong></span> <span class='ocrx_word' id='word_1_79' title='bbox 619 880 810 917; x_wconf 77' lang='lat' dir='ltr'><strong>facilitate</strong></span> <span class='ocrx_word' id='word_1_80' title='bbox 852 879 1136 917; x_wconf 73' lang='lat' dir='ltr'><strong>emendationis</strong></span> <span class='ocrx_word' id='word_1_81' title='bbox 1175 892 1245 915; x_wconf 89' lang='lat' dir='ltr'><strong>nec</strong></span> <span class='ocrx_word' id='word_1_82' title='bbox 1286 880 1482 916; x_wconf 86' lang='lat' dir='ltr'><strong>sententia</strong></span> <span class='ocrx_word' id='word_1_83' title='bbox 1513 893 1614 917; x_wconf 86' lang='lat' dir='ltr'><strong>com-</strong></span> 
     </span>
     <span class='ocr_line' id='line_1_11' title="bbox 123 945 1615 994; baseline 0 -9"><span class='ocrx_word' id='word_1_84' title='bbox 123 947 339 985; x_wconf 88' lang='lat' dir='ltr'><strong>mendatur.</strong></span> <span class='ocrx_word' id='word_1_85' title='bbox 400 946 577 985; x_wconf 72' lang='lat' dir='ltr'><strong>stantem·</strong></span> <span class='ocrx_word' id='word_1_86' title='bbox 606 945 736 985; x_wconf 71' lang='lat' dir='ltr'><strong>stanti</strong></span> <span class='ocrx_word' id='word_1_87' title='bbox 766 947 982 986; x_wconf 80' lang='lat' dir='ltr'><strong>saracenus</strong></span> <span class='ocrx_word' id='word_1_88' title='bbox 1015 960 1104 994; x_wconf 89' lang='lat' dir='ltr'><strong>em.,</strong></span> <span class='ocrx_word' id='word_1_89' title='bbox 1147 947 1213 984; x_wconf 87' lang='lat' dir='ltr'><strong>sed</strong></span> <span class='ocrx_word' id='word_1_90' title='bbox 1254 959 1322 983; x_wconf 90' lang='lat' dir='ltr'><strong>cur</strong></span> <span class='ocrx_word' id='word_1_91' title='bbox 1363 948 1459 984; x_wconf 89' lang='lat' dir='ltr'><strong>ordo</strong></span> <span class='ocrx_word' id='word_1_92' title='bbox 1490 948 1615 985; x_wconf 85' lang='lat' dir='ltr'><strong>inver-</strong></span> 
     </span>
     <span class='ocr_line' id='line_1_12' title="bbox 122 1013 1614 1062; baseline 0.001 -9"><span class='ocrx_word' id='word_1_93' title='bbox 122 1018 239 1062; x_wconf 82' lang='lat' dir='ltr'><strong>tatur,</strong></span> <span class='ocrx_word' id='word_1_94' title='bbox 270 1015 377 1052; x_wconf 85' lang='lat' dir='ltr'><strong>nulla</strong></span> <span class='ocrx_word' id='word_1_95' title='bbox 409 1028 525 1052; x_wconf 85' lang='lat' dir='ltr'><strong>causa</strong></span> <span class='ocrx_word' id='word_1_96' title='bbox 556 1018 627 1053; x_wconf 85' lang='lat' dir='ltr'><strong>est.</strong></span> <span class='ocrx_word' id='word_1_97' title='bbox 689 1013 855 1054; x_wconf 73' lang='lat' dir='ltr'><strong>tandem</strong></span> <span class='ocrx_word' id='word_1_98' title='bbox 886 1017 1050 1053; x_wconf 87' lang='lat' dir='ltr'><strong>retineri</strong></span> <span class='ocrx_word' id='word_1_99' title='bbox 1080 1015 1209 1061; x_wconf 88' lang='lat' dir='ltr'><strong>debet,</strong></span> <span class='ocrx_word' id='word_1_100' title='bbox 1242 1028 1278 1052; x_wconf 90' lang='lat' dir='ltr'>v.</span> <span class='ocrx_word' id='word_1_101' title='bbox 1311 1015 1359 1053; x_wconf 88' lang='lat' dir='ltr'><strong>ad</strong></span> <span class='ocrx_word' id='word_1_102' title='bbox 1384 1015 1492 1052; x_wconf 86' lang='lat' dir='ltr'><strong>Asin.</strong></span> <span class='ocrx_word' id='word_1_103' title='bbox 1523 1017 1614 1054; x_wconf 78' lang='grc'><strong>175.</strong></span> 
     </span>
     <span class='ocr_line' id='line_1_13' title="bbox 122 1080 1614 1131; baseline 0 -10"><span class='ocrx_word' id='word_1_104' title='bbox 122 1083 226 1121; x_wconf 90' lang='lat' dir='ltr'><strong>Men.</strong></span> <span class='ocrx_word' id='word_1_105' title='bbox 260 1084 353 1120; x_wconf 89' lang='lat'>683.</span> <span class='ocrx_word' id='word_1_106' title='bbox 400 1083 520 1121; x_wconf 81' lang='lat' dir='ltr'><strong>Mero.</strong></span> <span class='ocrx_word' id='word_1_107' title='bbox 559 1085 650 1121; x_wconf 89' lang='lat'><strong>171.</strong></span> <span class='ocrx_word' id='word_1_108' title='bbox 697 1083 837 1121; x_wconf 84' lang='lat' dir='ltr'><strong>Pseud.</strong></span> <span class='ocrx_word' id='word_1_109' title='bbox 873 1085 966 1122; x_wconf 90' lang='lat'>920.</span> <span class='ocrx_word' id='word_1_110' title='bbox 1040 1080 1300 1131; x_wconf 88' lang='lat' dir='ltr'><strong>„Prostibile“</strong></span> <span class='ocrx_word' id='word_1_111' title='bbox 1335 1083 1433 1120; x_wconf 89' lang='lat' dir='ltr'><strong>nihil</strong></span> <span class='ocrx_word' id='word_1_112' title='bbox 1465 1087 1535 1130; x_wconf 88' lang='lat' dir='ltr'><strong>est,</strong></span> <span class='ocrx_word' id='word_1_113' title='bbox 1578 1097 1614 1121; x_wconf 88' lang='lat' dir='ltr'>v.</span> 
     </span>
     <span class='ocr_line' id='line_1_14' title="bbox 122 1149 1614 1201; baseline 0 -13"><span class='ocrx_word' id='word_1_114' title='bbox 122 1151 169 1189; x_wconf 79' lang='lat' dir='ltr'><strong>ad</strong></span> <span class='ocrx_word' id='word_1_115' title='bbox 207 1150 313 1188; x_wconf 89' lang='lat' dir='ltr'><strong>Pers.</strong></span> <span class='ocrx_word' id='word_1_116' title='bbox 349 1152 442 1189; x_wconf 90' lang='lat'><strong>833.</strong></span> <span class='ocrx_word' id='word_1_117' title='bbox 518 1152 724 1189; x_wconf 81' lang='lat' dir='ltr'><strong>Turnebus</strong></span> <span class='ocrx_word' id='word_1_118' title='bbox 767 1149 1048 1198; x_wconf 80' lang='lat' dir='ltr'><strong>,‚Prostibuli“,</strong></span> <span class='ocrx_word' id='word_1_119' title='bbox 1089 1151 1192 1201; x_wconf 89' lang='lat' dir='ltr'><strong>quod</strong></span> <span class='ocrx_word' id='word_1_120' title='bbox 1231 1165 1253 1188; x_wconf 86' lang='lat' dir='ltr'><strong>a</strong></span> <span class='ocrx_word' id='word_1_121' title='bbox 1291 1164 1407 1189; x_wconf 89' lang='lat' dir='ltr'><strong>sensu</strong></span> <span class='ocrx_word' id='word_1_122' title='bbox 1447 1152 1614 1189; x_wconf 84' lang='lat' dir='ltr'><strong>alienum</strong></span> 
     </span>
     <span class='ocr_line' id='line_1_15' title="bbox 122 1218 1616 1270; baseline 0.001 -15"><span class='ocrx_word' id='word_1_123' title='bbox 122 1223 190 1256; x_wconf 87' lang='lat' dir='ltr'><strong>est.</strong></span> <span class='ocrx_word' id='word_1_124' title='bbox 250 1218 372 1256; x_wconf 87' lang='lat' dir='ltr'>Immo</span> <span class='ocrx_word' id='word_1_125' title='bbox 404 1218 618 1269; x_wconf 82' lang='lat' dir='ltr'><strong>Sangarius</strong></span> <span class='ocrx_word' id='word_1_126' title='bbox 649 1221 779 1266; x_wconf 85' lang='lat' dir='ltr'><strong>savio,</strong></span> <span class='ocrx_word' id='word_1_127' title='bbox 814 1219 918 1270; x_wconf 89' lang='lat' dir='ltr'><strong>quod</strong></span> <span class='ocrx_word' id='word_1_128' title='bbox 950 1221 1124 1269; x_wconf 83' lang='lat' dir='ltr'><strong>rogavit,</strong></span> <span class='ocrx_word' id='word_1_129' title='bbox 1157 1219 1308 1256; x_wconf 88' lang='lat' dir='ltr'><strong>modice</strong></span> <span class='ocrx_word' id='word_1_130' title='bbox 1340 1223 1544 1257; x_wconf 86' lang='lat' dir='ltr'><strong>contentus</strong></span> <span class='ocrx_word' id='word_1_131' title='bbox 1574 1220 1616 1257; x_wconf 89' lang='lat' dir='ltr'><strong>id</strong></span> 
     </span>
     <span class='ocr_line' id='line_1_16' title="bbox 123 1283 1615 1337; baseline 0.001 -13"><span class='ocrx_word' id='word_1_132' title='bbox 123 1300 206 1324; x_wconf 87' lang='lat' dir='ltr'><strong>cum</strong></span> <span class='ocrx_word' id='word_1_133' title='bbox 244 1283 400 1335; x_wconf 68' lang='lat' dir='ltr'><strong>stipula</strong></span> <span class='ocrx_word' id='word_1_134' title='bbox 440 1287 502 1325; x_wconf 88' lang='lat' dir='ltr'><strong>vel</strong></span> <span class='ocrx_word' id='word_1_135' title='bbox 542 1301 626 1324; x_wconf 88' lang='lat' dir='ltr'><strong>cum</strong></span> <span class='ocrx_word' id='word_1_136' title='bbox 667 1300 710 1324; x_wconf 87' lang='lat' dir='ltr'><strong>re</strong></span> <span class='ocrx_word' id='word_1_137' title='bbox 749 1287 860 1324; x_wconf 85' lang='lat' dir='ltr'><strong>arida</strong></span> <span class='ocrx_word' id='word_1_138' title='bbox 898 1291 937 1324; x_wconf 91' lang='lat' dir='ltr'><strong>et</strong></span> <span class='ocrx_word' id='word_1_139' title='bbox 975 1289 1088 1336; x_wconf 85' lang='lat' dir='ltr'><strong>parvi</strong></span> <span class='ocrx_word' id='word_1_140' title='bbox 1117 1288 1238 1336; x_wconf 90' lang='lat' dir='ltr'><strong>pretii</strong></span> <span class='ocrx_word' id='word_1_141' title='bbox 1269 1291 1483 1337; x_wconf 83' lang='lat' dir='ltr'><strong>comparat.</strong></span> <span class='ocrx_word' id='word_1_142' title='bbox 1545 1288 1615 1326; x_wconf 86' lang='lat' dir='ltr'><strong>His</strong></span> 
     </span>
     <span class='ocr_line' id='line_1_17' title="bbox 121 1354 1616 1405; baseline 0.001 -13"><span class='ocrx_word' id='word_1_143' title='bbox 121 1355 261 1393; x_wconf 85' lang='lat' dir='ltr'><strong>verbus</strong></span> <span class='ocrx_word' id='word_1_144' title='bbox 292 1355 459 1393; x_wconf 79' lang='lat' dir='ltr'><strong>offensus</strong></span> <span class='ocrx_word' id='word_1_145' title='bbox 490 1355 746 1405; x_wconf 85' lang='lat' dir='ltr'><strong>Stephanium</strong></span> <span class='ocrx_word' id='word_1_146' title='bbox 779 1355 931 1404; x_wconf 77' lang='lat' dir='ltr'><strong>alapam</strong></span> <span class='ocrx_word' id='word_1_147' title='bbox 964 1356 998 1391; x_wconf 89' lang='lat' dir='ltr'><strong>ei</strong></span> <span class='ocrx_word' id='word_1_148' title='bbox 1036 1354 1202 1404; x_wconf 87' lang='lat' dir='ltr'><strong>infligit,</strong></span> <span class='ocrx_word' id='word_1_149' title='bbox 1249 1368 1325 1404; x_wconf 88' lang='lat' dir='ltr'><strong>quo</strong></span> <span class='ocrx_word' id='word_1_150' title='bbox 1364 1356 1616 1393; x_wconf 83' lang='lat' dir='ltr'><strong>vehementer</strong></span> 
     </span>
     <span class='ocr_line' id='line_1_18' title="bbox 119 1420 1612 1472; baseline 0.001 -12"><span class='ocrx_word' id='word_1_151' title='bbox 119 1424 274 1472; x_wconf 84' lang='lat' dir='ltr'><strong>gavisus</strong></span> <span class='ocrx_word' id='word_1_152' title='bbox 305 1423 462 1460; x_wconf 88' lang='lat' dir='ltr'><strong>Stichus</strong></span> <span class='ocrx_word' id='word_1_153' title='bbox 494 1437 582 1460; x_wconf 88' lang='lat' dir='ltr'><strong>eum</strong></span> <span class='ocrx_word' id='word_1_154' title='bbox 613 1424 686 1461; x_wconf 89' lang='lat' dir='ltr'><strong>hoc</strong></span> <span class='ocrx_word' id='word_1_155' title='bbox 720 1426 909 1461; x_wconf 90' lang='lat' dir='ltr'><strong>meruisse</strong></span> <span class='ocrx_word' id='word_1_156' title='bbox 941 1423 1056 1470; x_wconf 88' lang='lat' dir='ltr'><strong>dicit;</strong></span> <span class='ocrx_word' id='word_1_157' title='bbox 1097 1420 1158 1461; x_wconf 71' lang='lat' dir='ltr'><strong>sic</strong></span> <span class='ocrx_word' id='word_1_158' title='bbox 1189 1420 1324 1470; x_wconf 74' lang='lat' dir='ltr'><strong>datar,</strong></span> <span class='ocrx_word' id='word_1_159' title='bbox 1357 1437 1392 1461; x_wconf 88' lang='lat' dir='ltr'>v.</span> <span class='ocrx_word' id='word_1_160' title='bbox 1426 1424 1476 1461; x_wconf 85' lang='lat' dir='ltr'><strong>ad</strong></span> <span class='ocrx_word' id='word_1_161' title='bbox 1507 1424 1612 1462; x_wconf 88' lang='lat' dir='ltr'><strong>Men.</strong></span> 
     </span>
     <span class='ocr_line' id='line_1_19' title="bbox 124 1487 1613 1542; baseline 0.001 -14"><span class='ocrx_word' id='word_1_162' title='bbox 124 1491 214 1529; x_wconf 87' lang='lat'>591.</span> <span class='ocrx_word' id='word_1_163' title='bbox 273 1487 348 1539; x_wconf 77' lang='lat' dir='ltr'><strong>fur</strong></span> <span class='ocrx_word' id='word_1_164' title='bbox 378 1495 506 1529; x_wconf 86' lang='lat' dir='ltr'><strong>autem</strong></span> <span class='ocrx_word' id='word_1_165' title='bbox 539 1492 766 1542; x_wconf 85' lang='lat' dir='ltr'><strong>appellatur</strong></span> <span class='ocrx_word' id='word_1_166' title='bbox 797 1492 916 1529; x_wconf 88' lang='lat' dir='ltr'><strong>solito</strong></span> <span class='ocrx_word' id='word_1_167' title='bbox 949 1492 1142 1539; x_wconf 90' lang='lat' dir='ltr'><strong>convicio,</strong></span> <span class='ocrx_word' id='word_1_168' title='bbox 1181 1506 1258 1529; x_wconf 92' lang='lat' dir='ltr'><strong>non</strong></span> <span class='ocrx_word' id='word_1_169' title='bbox 1290 1491 1396 1540; x_wconf 87' lang='lat' dir='ltr'><strong>quod</strong></span> <span class='ocrx_word' id='word_1_170' title='bbox 1421 1504 1523 1529; x_wconf 88' lang='lat' dir='ltr'><strong>nunc</strong></span> <span class='ocrx_word' id='word_1_171' title='bbox 1554 1493 1613 1541; x_wconf 88' lang='lat' dir='ltr'><strong>ip-</strong></span> 
     </span>
     <span class='ocr_line' id='line_1_20' title="bbox 119 1559 1614 1606; baseline 0.001 -10"><span class='ocrx_word' id='word_1_172' title='bbox 119 1571 202 1596; x_wconf 87' lang='lat' dir='ltr'><strong>sum</strong></span> <span class='ocrx_word' id='word_1_173' title='bbox 231 1559 380 1597; x_wconf 89' lang='lat' dir='ltr'><strong>furtum</strong></span> <span class='ocrx_word' id='word_1_174' title='bbox 418 1561 679 1606; x_wconf 77' lang='lat' dir='ltr'><strong>commiserit,</strong></span> <span class='ocrx_word' id='word_1_175' title='bbox 726 1560 775 1596; x_wconf 89' lang='lat' dir='ltr'><strong>cf.</strong></span> <span class='ocrx_word' id='word_1_176' title='bbox 807 1560 939 1597; x_wconf 92' lang='lat' dir='ltr'><strong>Aulul.</strong></span> <span class='ocrx_word' id='word_1_177' title='bbox 977 1560 1069 1597; x_wconf 90' lang='lat'><strong>317.</strong></span> <span class='ocrx_word' id='word_1_178' title='bbox 1102 1579 1155 1584; x_wconf 90' lang='lat'>—</span> <span class='ocrx_word' id='word_1_179' title='bbox 1187 1559 1283 1597; x_wconf 87' lang='lat' dir='ltr'><strong>Post</strong></span> <span class='ocrx_word' id='word_1_180' title='bbox 1313 1560 1394 1597; x_wconf 89' lang='lat' dir='ltr'><strong>haec</strong></span> <span class='ocrx_word' id='word_1_181' title='bbox 1425 1560 1614 1598; x_wconf 88' lang='lat' dir='ltr'><strong>librarius</strong></span> 
     </span>
     <span class='ocr_line' id='line_1_21' title="bbox 118 1623 1613 1678; baseline 0.002 -15"><span class='ocrx_word' id='word_1_182' title='bbox 118 1626 217 1664; x_wconf 89' lang='lat' dir='ltr'><strong>male</strong></span> <span class='ocrx_word' id='word_1_183' title='bbox 249 1640 283 1664; x_wconf 85' lang='lat' dir='ltr'>v.</span> <span class='ocrx_word' id='word_1_184' title='bbox 319 1629 395 1664; x_wconf 87' lang='lat'><strong>721</strong></span> <span class='ocrx_word' id='word_1_185' title='bbox 439 1628 661 1678; x_wconf 82' lang='lat' dir='ltr'><strong>adscripsit.</strong></span> <span class='ocrx_word' id='word_1_186' title='bbox 706 1648 762 1653; x_wconf 89' lang='lat'><strong>--</strong></span> <span class='ocrx_word' id='word_1_187' title='bbox 810 1629 902 1666; x_wconf 90' lang='lat'>766.</span> <span class='ocrx_word' id='word_1_188' title='bbox 950 1623 1096 1665; x_wconf 80' lang='lat' dir='ltr'><strong>Redde</strong></span> <span class='ocrx_word' id='word_1_189' title='bbox 1132 1630 1308 1678; x_wconf 86' lang='lat' dir='ltr'><strong>priorem</strong></span> <span class='ocrx_word' id='word_1_190' title='bbox 1348 1629 1530 1678; x_wconf 87' lang='lat' dir='ltr'><strong>corripit,</strong></span> <span class='ocrx_word' id='word_1_191' title='bbox 1576 1642 1613 1666; x_wconf 87' lang='lat' dir='ltr'>v.</span> 
     </span>
     <span class='ocr_line' id='line_1_22' title="bbox 120 1693 1396 1745; baseline 0 -13"><span class='ocrx_word' id='word_1_192' title='bbox 120 1693 274 1743; x_wconf 80' lang='lat' dir='ltr'><strong>Proleg.</strong></span> <span class='ocrx_word' id='word_1_193' title='bbox 307 1709 344 1745; x_wconf 94' lang='lat' dir='ltr'><strong>p.</strong></span> <span class='ocrx_word' id='word_1_194' title='bbox 383 1697 474 1734; x_wconf 88' lang='lat'><strong>199.</strong></span> <span class='ocrx_word' id='word_1_195' title='bbox 537 1696 602 1734; x_wconf 71' lang='lat' dir='ltr'><strong>R:</strong></span> <span class='ocrx_word' id='word_1_196' title='bbox 642 1694 812 1743; x_wconf 84' lang='lat' dir='ltr'><strong>„Cedo“.</strong></span> <span class='ocrx_word' id='word_1_197' title='bbox 846 1716 900 1721; x_wconf 90' lang='lat'>—</span> <span class='ocrx_word' id='word_1_198' title='bbox 927 1705 1007 1744; x_wconf 73' lang='lat' dir='ltr'><strong>pro</strong></span> <span class='ocrx_word' id='word_1_199' title='bbox 1038 1693 1136 1733; x_wconf 68' lang='lat' dir='ltr'><strong>uino</strong></span> <span class='ocrx_word' id='word_1_200' title='bbox 1168 1696 1396 1734; x_wconf 79' lang='lat' dir='ltr'><strong>saracenus.</strong></span> 
     </span>
    </p>

    <p class='ocr_par' dir='ltr' id='par_1_4' title="bbox 87 1760 1614 2083">
     <span class='ocr_line' id='line_1_23' title="bbox 231 1760 1613 1815; baseline 0.001 -15"><span class='ocrx_word' id='word_1_201' title='bbox 231 1764 326 1800; x_wconf 91' lang='lat'>767.</span> <span class='ocrx_word' id='word_1_202' title='bbox 388 1763 528 1802; x_wconf 82' lang='lat' dir='ltr'><strong>Cautio</strong></span> <span class='ocrx_word' id='word_1_203' title='bbox 571 1765 757 1802; x_wconf 86' lang='lat' dir='ltr'><strong>cinaedica</strong></span> <span class='ocrx_word' id='word_1_204' title='bbox 797 1761 849 1812; x_wconf 84' lang='lat' dir='ltr'>(v.</span> <span class='ocrx_word' id='word_1_205' title='bbox 884 1760 981 1813; x_wconf 85' lang='lat'>758)</span> <span class='ocrx_word' id='word_1_206' title='bbox 1025 1764 1200 1801; x_wconf 86' lang='lat' dir='ltr'><strong>iambicis</strong></span> <span class='ocrx_word' id='word_1_207' title='bbox 1239 1766 1473 1815; x_wconf 84' lang='lat' dir='ltr'><strong>septenariis</strong></span> <span class='ocrx_word' id='word_1_208' title='bbox 1512 1778 1613 1802; x_wconf 89' lang='lat' dir='ltr'><strong>com—</strong></span> 
     </span>
     <span class='ocr_line' id='line_1_24' title="bbox 118 1831 1614 1882; baseline 0.002 -14"><span class='ocrx_word' id='word_1_209' title='bbox 118 1831 246 1880; x_wconf 78' lang='lat' dir='ltr'><strong>posita</strong></span> <span class='ocrx_word' id='word_1_210' title='bbox 276 1835 346 1869; x_wconf 88' lang='lat' dir='ltr'><strong>est.</strong></span> <span class='ocrx_word' id='word_1_211' title='bbox 422 1831 534 1869; x_wconf 84' lang='lat' dir='ltr'><strong>Servi</strong></span> <span class='ocrx_word' id='word_1_212' title='bbox 565 1834 670 1870; x_wconf 91' lang='lat' dir='ltr'><strong>inter</strong></span> <span class='ocrx_word' id='word_1_213' title='bbox 701 1846 740 1870; x_wconf 88' lang='lat' dir='ltr'><strong>se</strong></span> <span class='ocrx_word' id='word_1_214' title='bbox 772 1835 943 1878; x_wconf 84' lang='lat' dir='ltr'><strong>certant,</strong></span> <span class='ocrx_word' id='word_1_215' title='bbox 987 1836 1074 1869; x_wconf 88' lang='lat' dir='ltr'><strong>uter</strong></span> <span class='ocrx_word' id='word_1_216' title='bbox 1104 1833 1329 1882; x_wconf 86' lang='lat' dir='ltr'><strong>protervius</strong></span> <span class='ocrx_word' id='word_1_217' title='bbox 1361 1835 1400 1869; x_wconf 92' lang='lat' dir='ltr'><strong>et</strong></span> <span class='ocrx_word' id='word_1_218' title='bbox 1432 1833 1614 1871; x_wconf 85' lang='lat' dir='ltr'><strong>lascivius</strong></span> 
     </span>
     <span class='ocr_line' id='line_1_25' title="bbox 120 1896 1613 1949; baseline 0.002 -13"><span class='ocrx_word' id='word_1_219' title='bbox 120 1898 265 1936; x_wconf 83' lang='lat' dir='ltr'><strong>saltare</strong></span> <span class='ocrx_word' id='word_1_220' title='bbox 296 1900 443 1949; x_wconf 87' lang='lat' dir='ltr'><strong>possit,</strong></span> <span class='ocrx_word' id='word_1_221' title='bbox 475 1901 688 1938; x_wconf 80' lang='lat' dir='ltr'><strong>saltatores</strong></span> <span class='ocrx_word' id='word_1_222' title='bbox 719 1902 918 1938; x_wconf 84' lang='lat' dir='ltr'><strong>imitantes</strong></span> <span class='ocrx_word' id='word_1_223' title='bbox 951 1896 1135 1947; x_wconf 75' lang='lat' dir='ltr'><strong>Ionicos,</strong></span> <span class='ocrx_word' id='word_1_224' title='bbox 1168 1914 1204 1938; x_wconf 90' lang='lat' dir='ltr'>v.</span> <span class='ocrx_word' id='word_1_225' title='bbox 1237 1900 1287 1938; x_wconf 90' lang='lat' dir='ltr'><strong>ad</strong></span> <span class='ocrx_word' id='word_1_226' title='bbox 1318 1900 1456 1938; x_wconf 86' lang='lat' dir='ltr'><strong>Pseud.</strong></span> <span class='ocrx_word' id='word_1_227' title='bbox 1494 1902 1613 1939; x_wconf 81' lang='lat'>1275.</span> 
     </span>
     <span class='ocr_line' id='line_1_26' title="bbox 120 1963 1613 2018; baseline 0.001 -13"><span class='ocrx_word' id='word_1_228' title='bbox 120 1986 171 1991; x_wconf 92' lang='lat'>—</span> <span class='ocrx_word' id='word_1_229' title='bbox 207 1963 299 2015; x_wconf 71' lang='lat' dir='ltr'><strong>Qui,</strong></span> <span class='ocrx_word' id='word_1_230' title='bbox 331 1970 356 2005; x_wconf 93' lang='lat' dir='ltr'><strong>i.</strong></span> <span class='ocrx_word' id='word_1_231' title='bbox 391 1981 422 2005; x_wconf 90' lang='lat' dir='ltr'><strong>e.</strong></span> <span class='ocrx_word' id='word_1_232' title='bbox 455 1971 553 2018; x_wconf 79' lang='lat' dir='ltr'><strong>quis,</strong></span> <span class='ocrx_word' id='word_1_233' title='bbox 586 1970 631 2006; x_wconf 91' lang='lat' dir='ltr'><strong>cf.</strong></span> <span class='ocrx_word' id='word_1_234' title='bbox 666 1969 715 2006; x_wconf 81' lang='lat' dir='ltr'><strong>ad</strong></span> <span class='ocrx_word' id='word_1_235' title='bbox 748 1969 890 2018; x_wconf 84' lang='lat' dir='ltr'><strong>Amph.</strong></span> <span class='ocrx_word' id='word_1_236' title='bbox 929 1970 1004 2006; x_wconf 88' lang='lat'><strong>127</strong></span> <span class='ocrx_word' id='word_1_237' title='bbox 1039 1972 1078 2005; x_wconf 91' lang='lat' dir='ltr'><strong>et</strong></span> <span class='ocrx_word' id='word_1_238' title='bbox 1108 1968 1220 2005; x_wconf 84' lang='lat' dir='ltr'><strong>Cure.</strong></span> <span class='ocrx_word' id='word_1_239' title='bbox 1250 1969 1343 2006; x_wconf 84' lang='lat'>274.</span> <span class='ocrx_word' id='word_1_240' title='bbox 1377 1969 1466 2007; x_wconf 86' lang='lat' dir='ltr'><strong>add.</strong></span> <span class='ocrx_word' id='word_1_241' title='bbox 1492 1969 1613 2007; x_wconf 82' lang='lat' dir='ltr'><strong>Mero.</strong></span> 
     </span>
     <span class='ocr_line' id='line_1_27' title="bbox 87 2035 1610 2083; baseline 0.001 -11"><span class='ocrx_word' id='word_1_242' title='bbox 87 2045 95 2054; x_wconf 85' lang='grc'><em>“</em></span> <span class='ocrx_word' id='word_1_243' title='bbox 123 2035 213 2072; x_wconf 87' lang='grc'><strong>691.</strong></span> <span class='ocrx_word' id='word_1_244' title='bbox 234 2037 327 2074; x_wconf 83' lang='grc'><strong>855.</strong></span> <span class='ocrx_word' id='word_1_245' title='bbox 359 2036 478 2075; x_wconf 85' lang='lat' dir='ltr'><strong>Poen.</strong></span> <span class='ocrx_word' id='word_1_246' title='bbox 500 2039 591 2075; x_wconf 87' lang='lat'>850.</span> <span class='ocrx_word' id='word_1_247' title='bbox 627 2037 732 2074; x_wconf 87' lang='lat' dir='ltr'><strong>Pers.</strong></span> <span class='ocrx_word' id='word_1_248' title='bbox 755 2038 847 2074; x_wconf 87' lang='lat'><strong>312.</strong></span> <span class='ocrx_word' id='word_1_249' title='bbox 882 2036 982 2074; x_wconf 85' lang='lat' dir='ltr'><strong>Rud.</strong></span> <span class='ocrx_word' id='word_1_250' title='bbox 1004 2038 1068 2074; x_wconf 89' lang='lat'><strong>98.</strong></span> <span class='ocrx_word' id='word_1_251' title='bbox 1092 2057 1147 2061; x_wconf 90' lang='lat'><strong>—</strong></span> <span class='ocrx_word' id='word_1_252' title='bbox 1177 2037 1466 2083; x_wconf 81' lang='lat' dir='ltr'><strong>„cinaedicust“</strong></span> <span class='ocrx_word' id='word_1_253' title='bbox 1489 2036 1534 2074; x_wconf 85' lang='lat' dir='ltr'>R.</span> <span class='ocrx_word' id='word_1_254' title='bbox 1562 2056 1610 2062; x_wconf 92' lang='grc'>-</span> 
     </span>
    </p>
   </div>
   <div class='ocr_carea' id='block_1_3' title="bbox 39 2099 1612 2153">
    <p class='ocr_par' dir='ltr' id='par_1_5' title="bbox 39 2099 1612 2153">
     <span class='ocr_line' id='line_1_28' title="bbox 39 2099 1612 2153; baseline 0.002 -13"><span class='ocrx_word' id='word_1_255' title='bbox 39 2109 41 2111; x_wconf 85' lang='grc'><strong>’</strong></span> <span class='ocrx_word' id='word_1_256' title='bbox 115 2099 256 2152; x_wconf 77' lang='lat' dir='ltr'><strong>possit</strong></span> <span class='ocrx_word' id='word_1_257' title='bbox 285 2103 462 2143; x_wconf 86' lang='lat' dir='ltr'><strong>Guietus.</strong></span> <span class='ocrx_word' id='word_1_258' title='bbox 492 2125 545 2131; x_wconf 84' lang='lat'><strong>—-</strong></span> <span class='ocrx_word' id='word_1_259' title='bbox 572 2107 664 2143; x_wconf 84' lang='lat'>768.</span> <span class='ocrx_word' id='word_1_260' title='bbox 698 2115 839 2152; x_wconf 68' lang='lat' dir='ltr'><strong>uorsa,</strong></span> <span class='ocrx_word' id='word_1_261' title='bbox 874 2105 981 2141; x_wconf 71' lang='lat' dir='ltr'><strong>motu</strong></span> <span class='ocrx_word' id='word_1_262' title='bbox 1009 2106 1048 2141; x_wconf 90' lang='lat' dir='ltr'><strong>in</strong></span> <span class='ocrx_word' id='word_1_263' title='bbox 1079 2104 1272 2142; x_wconf 83' lang='lat' dir='ltr'><strong>saltando.</strong></span> <span class='ocrx_word' id='word_1_264' title='bbox 1297 2124 1352 2130; x_wconf 86' lang='lat'><strong>-—</strong></span> <span class='ocrx_word' id='word_1_265' title='bbox 1379 2105 1471 2142; x_wconf 88' lang='lat'>769.</span> <span class='ocrx_word' id='word_1_266' title='bbox 1505 2101 1612 2153; x_wconf 75' lang='lat' dir='ltr'><strong>Pax,</strong></span> 
     </span>
    </p>
   </div>
   <div class='ocr_carea' id='block_1_4' title="bbox 0 974 52 3218">
    <p class='ocr_par' dir='ltr' id='par_1_6' title="bbox 0 974 52 3218">
     <span class='ocr_line' id='line_1_29' title="bbox 0 974 52 3218; baseline 0 0"><span class='ocrx_word' id='word_1_267' title='bbox 0 974 52 3218; x_wconf 95' lang='lat' dir='ltr'><strong> </strong></span> 
     </span>
    </p>
   </div>
   <div class='ocr_carea' id='block_1_5' title="bbox 117 2168 1614 2483">
    <p class='ocr_par' dir='ltr' id='par_1_7' title="bbox 117 2168 1614 2483">
     <span class='ocr_line' id='line_1_30' title="bbox 120 2168 1614 2220; baseline 0.001 -12"><span class='ocrx_word' id='word_1_268' title='bbox 120 2170 165 2208; x_wconf 86' lang='lat' dir='ltr'><strong>cf.</strong></span> <span class='ocrx_word' id='word_1_269' title='bbox 197 2173 247 2209; x_wconf 83' lang='lat' dir='ltr'><strong>ad</strong></span> <span class='ocrx_word' id='word_1_270' title='bbox 278 2172 362 2210; x_wconf 87' lang='lat' dir='ltr'><strong>Mil.</strong></span> <span class='ocrx_word' id='word_1_271' title='bbox 398 2174 491 2211; x_wconf 83' lang='grc'>808.</span> <span class='ocrx_word' id='word_1_272' title='bbox 524 2193 578 2198; x_wconf 94' lang='grc'>-</span> <span class='ocrx_word' id='word_1_273' title='bbox 619 2174 710 2210; x_wconf 79' lang='grc'><strong>770.</strong></span> <span class='ocrx_word' id='word_1_274' title='bbox 753 2168 946 2210; x_wconf 76' lang='lat' dir='ltr'><strong>cinaedos</strong></span> <span class='ocrx_word' id='word_1_275' title='bbox 977 2173 1176 2220; x_wconf 80' lang='lat' dir='ltr'><strong>Angelius.</strong></span> <span class='ocrx_word' id='word_1_276' title='bbox 1239 2173 1399 2220; x_wconf 70' lang='lat' dir='ltr'><strong>contra,</strong></span> <span class='ocrx_word' id='word_1_277' title='bbox 1441 2174 1465 2210; x_wconf 93' lang='lat' dir='ltr'><strong>i.</strong></span> <span class='ocrx_word' id='word_1_278' title='bbox 1500 2187 1531 2211; x_wconf 89' lang='lat' dir='ltr'><strong>e.</strong></span> <span class='ocrx_word' id='word_1_279' title='bbox 1565 2173 1614 2210; x_wconf 83' lang='lat' dir='ltr'><strong>ad</strong></span> 
     </span>
     <span class='ocr_line' id='line_1_31' title="bbox 119 2235 1614 2289; baseline 0.001 -13"><span class='ocrx_word' id='word_1_280' title='bbox 119 2243 334 2287; x_wconf 84' lang='lat' dir='ltr'><strong>certamen,</strong></span> <span class='ocrx_word' id='word_1_281' title='bbox 375 2241 421 2278; x_wconf 90' lang='lat' dir='ltr'><strong>cf.</strong></span> <span class='ocrx_word' id='word_1_282' title='bbox 454 2241 502 2277; x_wconf 87' lang='lat' dir='ltr'><strong>ad</strong></span> <span class='ocrx_word' id='word_1_283' title='bbox 535 2240 646 2278; x_wconf 85' lang='lat' dir='ltr'><strong>Curc.</strong></span> <span class='ocrx_word' id='word_1_284' title='bbox 681 2242 774 2278; x_wconf 89' lang='lat'>201.</span> <span class='ocrx_word' id='word_1_285' title='bbox 844 2235 1084 2289; x_wconf 71' lang='lat' dir='ltr'><strong>Septenario&#39;</strong></span> <span class='ocrx_word' id='word_1_286' title='bbox 1114 2241 1241 2278; x_wconf 81' lang='lat' dir='ltr'><strong>exitus</strong></span> <span class='ocrx_word' id='word_1_287' title='bbox 1281 2241 1403 2278; x_wconf 88' lang='lat' dir='ltr'><strong>deest.</strong></span> <span class='ocrx_word' id='word_1_288' title='bbox 1463 2241 1507 2278; x_wconf 90' lang='lat' dir='ltr'>R.</span> <span class='ocrx_word' id='word_1_289' title='bbox 1545 2245 1614 2288; x_wconf 85' lang='lat' dir='ltr'><strong>„ut</strong></span> 
     </span>
     <span class='ocr_line' id='line_1_32' title="bbox 117 2304 1614 2359; baseline 0.001 -15"><span class='ocrx_word' id='word_1_290' title='bbox 117 2306 283 2345; x_wconf 76' lang='lat' dir='ltr'><strong>ssltent“</strong></span> <span class='ocrx_word' id='word_1_291' title='bbox 319 2309 519 2359; x_wconf 88' lang='lat' dir='ltr'><strong>supplevit</strong></span> <span class='ocrx_word' id='word_1_292' title='bbox 551 2305 990 2346; x_wconf 44' lang='lat' dir='ltr'><strong>cumaeantecedentibus</strong></span> <span class='ocrx_word' id='word_1_293' title='bbox 1021 2310 1215 2354; x_wconf 89' lang='lat' dir='ltr'><strong>iunctum,</strong></span> <span class='ocrx_word' id='word_1_294' title='bbox 1249 2321 1320 2358; x_wconf 87' lang='lat' dir='ltr'><strong>ego</strong></span> <span class='ocrx_word' id='word_1_295' title='bbox 1348 2304 1496 2347; x_wconf 74' lang='lat' dir='ltr'><strong>Saltus</strong></span> <span class='ocrx_word' id='word_1_296' title='bbox 1527 2323 1614 2346; x_wconf 91' lang='lat' dir='ltr'><strong>cum</strong></span> 
     </span>
     <span class='ocr_line' id='line_1_33' title="bbox 118 2373 1613 2426; baseline 0.001 -13"><span class='ocrx_word' id='word_1_297' title='bbox 118 2377 383 2426; x_wconf 87' lang='lat' dir='ltr'><strong>sequentibus,</strong></span> <span class='ocrx_word' id='word_1_298' title='bbox 415 2376 483 2414; x_wconf 87' lang='lat' dir='ltr'><strong>ubi</strong></span> <span class='ocrx_word' id='word_1_299' title='bbox 514 2377 559 2414; x_wconf 86' lang='lat' dir='ltr'>R.</span> <span class='ocrx_word' id='word_1_300' title='bbox 583 2374 703 2424; x_wconf 87' lang='lat' dir='ltr'><strong>„hoc“</strong></span> <span class='ocrx_word' id='word_1_301' title='bbox 725 2376 895 2413; x_wconf 84' lang='lat' dir='ltr'><strong>addebat</strong></span> <span class='ocrx_word' id='word_1_302' title='bbox 928 2380 1017 2413; x_wconf 85' lang='lat' dir='ltr'><strong>ante</strong></span> <span class='ocrx_word' id='word_1_303' title='bbox 1048 2373 1216 2425; x_wconf 85' lang='lat' dir='ltr'><strong>„potis“,</strong></span> <span class='ocrx_word' id='word_1_304' title='bbox 1250 2383 1326 2426; x_wconf 85' lang='lat' dir='ltr'><strong>quo</strong></span> <span class='ocrx_word' id='word_1_305' title='bbox 1357 2377 1463 2414; x_wconf 88' lang='lat' dir='ltr'><strong>facto</strong></span> <span class='ocrx_word' id='word_1_306' title='bbox 1495 2378 1613 2414; x_wconf 87' lang='lat' dir='ltr'><strong>etiam</strong></span> 
     </span>
     <span class='ocr_line' id='line_1_34' title="bbox 118 2441 1554 2483; baseline 0.001 -3"><span class='ocrx_word' id='word_1_307' title='bbox 118 2442 245 2481; x_wconf 86' lang='lat' dir='ltr'><strong>hiatus</strong></span> <span class='ocrx_word' id='word_1_308' title='bbox 277 2449 366 2482; x_wconf 80' lang='lat' dir='ltr'><strong>ante</strong></span> <span class='ocrx_word' id='word_1_309' title='bbox 397 2441 529 2482; x_wconf 81' lang='lat' dir='ltr'><strong>imber</strong></span> <span class='ocrx_word' id='word_1_310' title='bbox 559 2447 795 2482; x_wconf 87' lang='lat' dir='ltr'><strong>removetur.</strong></span> <span class='ocrx_word' id='word_1_311' title='bbox 828 2463 883 2469; x_wconf 83' lang='lat'><strong>—</strong></span> <span class='ocrx_word' id='word_1_312' title='bbox 915 2445 1009 2481; x_wconf 90' lang='lat'>773.</span> <span class='ocrx_word' id='word_1_313' title='bbox 1042 2441 1098 2481; x_wconf 80' lang='lat' dir='ltr'><strong>ad</strong></span> <span class='ocrx_word' id='word_1_314' title='bbox 1125 2453 1203 2482; x_wconf 80' lang='lat' dir='ltr'><strong>uos</strong></span> <span class='ocrx_word' id='word_1_315' title='bbox 1233 2444 1451 2482; x_wconf 88' lang='lat' dir='ltr'><strong>Palmerius</strong></span> <span class='ocrx_word' id='word_1_316' title='bbox 1483 2458 1554 2483; x_wconf 88' lang='lat' dir='ltr'><strong>em.</strong></span> 
     </span>
    </p>
   </div>
  </div>
 </body>
</html>
