2009 3218
336 251 418 290 262
1015 245 1135 281 Plauti
1557 247 1586 288 Ι,
1611 247 1642 289 2,
1668 244 1826 280 98—116

337 372 428 414 Nec
458 373 531 426 qui
562 373 753 414 deterior
784 376 900 413 esset
930 371 1096 413 faceres
1127 372 1310 425 copiam.

339 444 662 486 Inconciliastiu
696 457 805 493 eum,
838 443 909 496 qui
941 443 1194 484 mandatust
1225 442 1338 484 tibi?

338 515 415 557 Ille
447 516 519 569 qui
551 515 790 564 mandauit,
823 528 920 556 eum
951 515 1196 557 exturbasti
1229 529 1281 557 ex
1312 514 1527 556 aedibus?

340 587 506 641 Edepol
539 586 792 628 mandatum
824 586 972 639 pulcre
1004 590 1047 628 et
1077 591 1276 628 curatum
1307 585 1453 640 probe.

340 657 477 701 Crede
507 658 608 700 huic
637 658 841 710 tutelam;
873 672 992 700 suam
1025 658 1178 699 melius
1209 672 1299 700 rem
1330 659 1523 711 gesserit.
1765 666 1830 699 140

961 751 1216 794 Callicles

341 825 513 878 Subigis
544 824 788 866 maledictis
821 838 887 866 me
917 825 1017 874 tuis,
1050 823 1367 877 Megaronides,

342 897 463 939 Nouo
495 897 625 939 modo
656 896 778 947 adeo,
809 900 859 937 ut
889 896 1006 950 quod
1038 909 1159 937 meae
1192 894 1486 937 concreditum
1506 899 1586 936 -est

343 969 650 1010 Taciturnitati
682 967 807 1019 clam,
839 967 923 1009 fide
955 972 999 1009 et
1028 967 1226 1018 fiduciae,

343 1040 407 1082 Ne
438 1042 708 1082 enuntiarem
740 1041 975 1094 quoiquam
1005 1053 1090 1082 neu
1119 1039 1307 1081 facerem
1338 1038 1496 1092 palam,

345 1112 404 1154 Ut
436 1112 538 1153 mihi
568 1126 745 1154 necesse
777 1112 834 1153 sit
863 1112 948 1153 iam
979 1111 1024 1152 id
1055 1110 1135 1152 tibi
1168 1110 1440 1152 concredere.
1768 1119 1831 1154 145
1902 1146 1904 1148 v

902 1206 1268 1258 Meyaronides

345 1277 452 1320 Mihi
484 1278 598 1330 quod
631 1278 881 1329 credideris,
913 1292 1056 1319 sumes
1088 1277 1162 1319 ubi
1192 1277 1416 1331 posiueris.

966 1372 1217 1415 Callicles

348 1443 640 1499 Circumspice
671 1445 772 1486 dum
804 1449 860 1495 te,
893 1459 946 1487 ne
977 1445 1074 1499 quis
1107 1445 1221 1486 adsit
1251 1444 1415 1486 arbiter

349 1516 497 1569 Nobis,
529 1521 572 1559 et
603 1531 765 1571 quaeso
797 1517 1045 1564 identidem,
1065 1517 1359 1570 circumspice.

898 1611 957 1653 M
959 1625 980 1652 e
987 1626 1015 1665 9
1025 1625 1050 1653 a
1058 1624 1082 1651 r
1091 1624 1113 1652 ο
1123 1624 1152 1652 π
1161 1611 1179 1652 i
1189 1612 1218 1653 d
1228 1625 1278 1652 cs

348 1684 557 1726 Ausculto
590 1684 627 1726 si
657 1684 761 1738 quid
793 1683 925 1725 dicas.

966 1774 1002 1817 G
1009 1789 1033 1816 a
1043 1775 1058 1816 l
1069 1774 1108 1816 li
1117 1788 1138 1816 c
1148 1774 1162 1815 l
1172 1787 1221 1815 es

990 1847 1034 1889 Si
1065 1851 1225 1898 taceas,
1256 1847 1424 1900 loquar.

348 1920 559 1970 Quoniam
590 1920 692 1961 hinc
723 1924 791 1961 est
820 1919 1093 1973 profecturus
1124 1932 1304 1973 peregre
1336 1917 1603 1969 Charmides,
1771 1927 1836 1962 150

349 1992 647 2033 Thensaurum
680 1992 997 2033 demonstrauit
1027 1991 1130 2032 mihi
1163 1992 1205 2032 in
1239 1991 1356 2032 hisce
1387 1990 1582 2039 aedibus,

349 2063 430 2104 Hic
459 2064 503 2104 in
534 2064 731 2106 conclaui
763 2066 964 2118 quodam.
1025 2062 1109 2105 Sed
1141 2062 1438 2116 circumspice.

905 2158 1280 2212 Meqarom'cles

348 2215 485 2257 Nemo
516 2220 597 2258 est.

969 2294 1226 2338 Callicles

660 2367 944 2409 Nummorum
977 2367 1249 2421 Philippeum
1284 2365 1340 2407 ad
1371 2367 1456 2407 tria
1490 2365 1617 2407 milia.

350 2438 398 2479 ld
430 2439 548 2480 solus
581 2439 720 2480 solum
753 2454 830 2493 per
860 2440 1097 2481 amicitiam
1131 2446 1173 2480 et
1205 2452 1280 2492 per
1310 2437 1437 2478 fidem

466 2600 529 2633 138
554 2598 610 2632 Illi
635 2598 670 2632 B
748 2600 810 2632 139
835 2598 1009 2642 pulchere
1034 2597 1070 2633 B
1150 2599 1213 2632 140
1237 2602 1277 2631 tu
1302 2600 1339 2631 te
1364 2597 1435 2630 iam
1518 2597 1582 2630 142
1607 2606 1771 2639 quomeae
1790 2593 1835 2638 B,
1899 2639 1903 2643 ⁸

350 2661 395 2690 cu
420 2665 495 2689 aeae
522 2655 550 2690 C
630 2656 885 2689 concreditum
912 2656 979 2689 sim
1005 2655 1050 2697 B,
1077 2654 1310 2689 concreditus
1338 2652 1414 2687 Sim
1442 2654 1469 2687 C
1559 2652 1621 2687 143
1648 2650 1832 2686 tatiturni·

350 2717 417 2746 tati
445 2711 475 2746 C'
562 2711 647 2746 fidei
739 2714 801 2746 146
827 2712 992 2755 posueris
1019 2712 1049 2748 G
1130 2713 1193 2745 148
1218 2711 1334 2745 identi
1360 2710 1453 2744 clem
1478 2709 1525 2753 Β,
1550 2708 1785 2744 itidentidem
1811 2705 1840 2742 G
1904 2702 1905 2705 ¹
1931 2699 1935 2703 ”

354 2770 417 2803 150
440 2768 628 2813 profectus
695 2768 912 2803 “charmedes
939 2768 970 2804 C
1052 2770 1111 2803 151
1139 2767 1225 2802 mihi
1256 2767 1525 2801 demonstrauit
1549 2767 1579 2801 C
1661 2766 1726 2801 152
1749 2775 1839 2800 con·
1892 2780 1894 2782 ·

351 2825 437 2860 dani
464 2826 492 2860 C
559 2825 697 2860 circum
722 2825 837 2870 ipsice
860 2825 895 2859 B
