2009 3218
375 241 427 278 90
1053 237 1170 271 Plauti
1639 238 1666 280 1,
1692 240 1724 280 2,
1749 237 1860 270 9—19

946 362 1297 415 Plesidippus

373 433 514 487 Prope
544 446 611 474 me
641 432 712 474 hic
743 433 889 475 nescio
921 433 994 488 qui
1025 433 1230 488 loquitur.

971 527 1016 568 D
1027 541 1051 569 a
1060 542 1080 569 e
1089 542 1130 569 m
1140 541 1161 569 o
1171 543 1200 569 η
1210 542 1230 570 e
1241 543 1261 570 ,ς
1320 560 1322 562 ψ

1266 600 1393 650 Heus,
1427 600 1675 654 Sceparnio.

972 687 1258 738 Sceparnio

371 757 453 807 Qui
485 757 681 799 nominat
710 758 806 799 me‘?

972 831 1260 871 Daemones

875 901 958 951 Qui
990 916 1066 955 pro
1098 906 1142 943 te
1174 906 1400 954 argentum
1434 902 1564 944 dedit.

967 997 1254 1048 Sceparnio

371 1066 504 1116 Quasi
536 1082 602 1109 me
634 1072 756 1110 tuum
788 1083 881 1110 esse
915 1083 1084 1110 seruom
1117 1068 1248 1119 dicas,
1282 1068 1537 1110 Daemones.

970 1159 1254 1201 Daemones

371 1230 481 1272 Luto
514 1235 637 1272 usust
668 1231 815 1282 multo,
848 1231 1025 1273 multam
1057 1236 1217 1272 terram
1249 1231 1443 1272 confode.
1794 1244 1859 1276 100

368 1301 528 1343 Uillam
558 1302 840 1355 integundam
872 1303 1078 1356 intellego
1110 1307 1249 1344 totam
1280 1302 1404 1353 mihi3

368 1373 478 1415 Nam
508 1388 622 1416 nunc
653 1374 847 1429 perlucet
878 1389 930 1416 ea
960 1390 1089 1430 quam
1122 1375 1312 1416 cribrum
1344 1374 1548 1416 crebrius.

940 1466 1288 1518 Plesidippus

369 1536 512 1588 Pater,
546 1536 728 1588 salueto,
759 1537 973 1591 amboque
1005 1537 1127 1579 adeo.

966 1629 1254 1671 Daemones

1178 1701 1332 1743 Saluos
1365 1702 1435 1743 sis.

965 1781 1257 1833 Sceparnio

366 1852 450 1894 Sed
483 1857 630 1894 utrum
662 1858 708 1894 tu
738 1867 884 1895 masne
916 1867 969 1894 an
1002 1853 1161 1894 femina
1193 1867 1250 1904 es,
1285 1853 1355 1906 qui
1388 1853 1509 1894 illum
1541 1857 1708 1906 patrem

368 1923 536 1966 Uoces?

936 1997 1282 2048 Plesidippus

598 2067 674 2110 Uir
706 2083 800 2110 sum
833 2068 1045 2122 equidem.

967 2148 1257 2200 Sceparnio

1095 2219 1274 2270 Quaere,
1305 2220 1384 2272 uir,
1418 2233 1547 2273 porro
1581 2224 1762 2273 patrem.
1793 2230 1855 2264 105

964 2311 1256 2353 Daemones

365 2383 564 2425 Filiolam
598 2397 674 2436 ego
706 2397 836 2424 unam
869 2383 1015 2433 habui,
1049 2397 1143 2425 eam
1175 2397 1302 2425 unam
1336 2382 1527 2437 perdidi;

365 2454 499 2496 Uirile
530 2469 656 2496 sexus
688 2469 922 2509 numquam
956 2455 1087 2497 ullam
1119 2455 1263 2497 habui.

937 2546 1283 2598 Plesidippus

1304 2619 1358 2660 At
1390 2618 1433 2659 di
1465 2617 1642 2659 dabunt.

478 2755 522 2787 97
548 2753 634 2787 hinc
689 2759 691 2761 ’
767 2752 1033 2796 heuscerpanio
1058 2752 1104 2796 B,
1131 2754 1264 2788 heusce
1290 2764 1417 2798 parmo
1445 2752 1473 2788 G
1599 2753 1663 2786 100
1688 2763 1773 2786 usus
1798 2756 1854 2786 est

371 2813 432 2845 104
459 2814 588 2845 tuasne
686 2810 748 2843 106
774 2819 816 2842 eo
842 2808 877 2842 B
