2009 3218
151 261 197 305 II,
222 263 251 296 8.
281 263 398 301 11—4,
424 262 443 293 4
843 255 962 290 Persa.
1579 256 1630 292 29

147 386 236 428 Hoc
259 385 396 427 amico
423 398 514 426 meo
542 380 804 438 prosperabo
830 384 874 422 et
897 380 1023 433 genio
1050 392 1142 420 meo
1170 378 1304 420 multa
1329 377 1441 419 bona
1458 375 1629 418 faciam.

147 459 226 500 Diu
258 457 374 512 quod
405 457 512 499 bene
544 456 636 505 erit,
668 454 737 496 dic
769 466 853 494 uno
881 450 1120 494 absoluam.
1181 450 1273 491 Tux
1302 455 1374 491 tax
1400 455 1522 503 tergo
1550 450 1633 491 erit

1092 535 1207 574 meo3
1239 535 1323 564 non
1356 535 1474 565 curo.
1542 538 1544 540 ·

146 601 269 644 Nunc
299 602 437 643 amico
470 600 630 642 homini
662 598 795 641 boues
821 596 1008 638 domitos
1035 608 1131 637 mea
1154 608 1206 636 ex
1231 594 1426 636 crumina
1452 594 1633 648 largiar3

147 674 255 717 Nam
293 673 335 714 id
377 674 547 715 demum
587 669 777 724 lepidum
816 675 901 718 est,
946 668 1183 721 triparcos,
1228 666 1420 716 uetulos‚
1467 666 1632 718 auidos,

1091 739 1236 782 aridos
1566 750 1633 784 265

148 818 260 860 Beue
291 817 556 867 admordere,
589 816 663 870 qui
695 814 879 857 salinum
911 826 1039 855 seruo
1072 812 1305 865 obsignant
1335 824 1432 852 cum
1463 811 1565 853 sale.

151 888 327 938 Uirtust,
359 889 431 930 ubi
465 888 635 929 occasio
667 886 880 935 admonet,
915 885 1140 939 dispicere.
1197 882 1307 932 Quid
1338 882 1465 924 faciet
1501 883 1634 924 mihi?

150 961 413 1003 Uerberibus
445 959 565 1002 caedi
598 959 786 1008 iusserit,
819 956 1046 1012 compedes
1077 957 1263 1010 inpingi3
1293 955 1510 1010 uapulem.

148 1033 210 1075 Ne
242 1033 322 1074 sibi
356 1046 420 1074 me
453 1031 603 1074 credat
628 1030 866 1085 supplicem
891 1029 994 1071 fore.
1056 1028 1147 1070 Uae
1172 1027 1254 1070 illi!
1289 1029 1392 1070 mihi
1416 1029 1502 1069 iam
1527 1027 1634 1069 nihil

1092 1101 1197 1144 noui

150 1177 303 1219 Ofl'erri
331 1182 441 1230 pote,
458 1177 560 1229 quin
586 1176 666 1217 sim
691 1175 867 1229 peritus.
919 1173 1002 1216 Sed
1019 1173 1158 1216 Toxili
1183 1187 1362 1228 puerum
1383 1186 1541 1215 eccum.
1570 1184 1637 1217 270

532 1367 840 1412 PAEGNIUM.
902 1367 1251 1434 SAGARISTIO.

747 1493 852 1536 Pae
861 1495 1036 1548 ynium

153 1569 333 1609 Pensum
352 1582 503 1614 meum,
521 1567 635 1620 quod
652 1567 802 1609 datum
820 1572 895 1616 est,
913 1565 1095 1618 confeci3
1114 1579 1227 1607 nunc
1245 1566 1416 1607 domum
1435 1578 1635 1619 propero.

725 1646 790 1689 Sa
799 1647 945 1699 yaris
956 1645 1028 1687 tio

1088 1717 1229 1767 Mane,
1262 1717 1362 1771 [etsi
1394 1717 1637 1771 properas]‚

156 1776 402 1830 Paegnium,
435 1776 646 1818 ausculta.

748 1855 1031 1909 Paegnium

497 1928 648 1969 Emere
680 1932 864 1982 oportet,
896 1941 1024 1980 quem
1054 1926 1134 1968 tibi
1166 1925 1370 1968 oboedire
1401 1926 1522 1968 uelis.

742 2007 1052 2060 Sayaristio

1488 2062 1635 2104 Adsta.

750 2143 1033 2198 Paeym’um

157 2216 368 2258 Exhibeas
400 2216 640 2258 molestiam
673 2216 744 2266 mi,
775 2223 825 2258 ut
841 2207 1021 2271 'opinor‚
1053 2216 1087 2257 si
1120 2215 1222 2270 quid
1255 2215 1448 2266 debeam,

154 2288 233 2338 Qui
265 2302 377 2330 nunc
408 2290 468 2330 sic
499 2294 643 2330 tamen
676 2302 720 2330 es
752 2288 967 2331 molestus.

243 2448 309 2481 262
340 2446 446 2482 Nunc
472 2452 509 2481 et
534 2447 653 2481 amico
678 2458 760 2481 meo
786 2444 867 2490 BG,
893 2445 1000 2482 Nunc
1025 2446 1145 2481 amico
1170 2448 1206 2481 A
1366 2445 1576 2490 properabo
1602 2444 1638 2479 Β

152 2504 218 2537 263
243 2509 377 2537 tuxcax
403 2502 469 2538 BC
536 2505 602 2537 264
627 2503 837 2538 hominibus
863 2503 1014 2537 domitis
1089 2504 1155 2538 265
1179 2503 1340 2547 tripacos
1366 2502 1419 2537 B·
1469 2502 1638 2537 homines

153 2560 299 2594 uetnlos
414 2561 480 2594 266
505 2561 585 2604 quis
612 2560 770 2595 alienum
797 2559 866 2594 BG
978 2561 1044 2594 267
1068 2559 1195 2595 Uirtus
1221 2565 1276 2594 est
1388 2559 1578 2603 dispecere
1604 2558 1639 2593 Β

151 2618 218 2650 268
244 2615 448 2651 Ueboribus
473 2617 508 2651 Β
623 2617 763 2651 iussirit
787 2616 822 2650 Β
945 2617 1083 2661 inpono
1108 2616 1155 2658 B,
1181 2618 1321 2662 imponi
1347 2615 1375 2650 O
1488 2615 1640 2660 uapulet

153 2675 220 2708 269
244 2674 419 2718 auplicem
535 2686 617 2708 rore
644 2673 678 2708 Β
794 2673 882 2708 nihil
909 2674 981 2708 iam
1006 2674 1093 2708 mibi
1120 2675 1151 2708 A
1269 2675 1336 2708 270
1361 2672 1470 2707 Offeri
1497 2672 1533 2707 Β

153 2734 275 2774 potest
410 2742 562 2775 puerum
589 2731 787 2775 paegnium
813 2742 939 2766 eccum
966 2729 1049 2775 AB,
1073 2742 1228 2775 puerum
1253 2742 1433 2775 pregnum
1459 2742 1587 2765 eccum
1615 2730 1643 2763 C

242 2789 304 2821 271
333 2787 457 2822 datum
484 2788 514 2822 si
539 2787 574 2822 Β
694 2798 790 2822 nunc
815 2799 882 2832 pro
908 2787 1057 2822 domum
1082 2786 1149 2822 BC
1271 2789 1337 2822 272
1363 2786 1566 2831 Paepuium
1591 2786 1638 2828 B,

156 2843 331 2887 Pepnium
359 2844 386 2878 C
485 2848 581 2880 astas
606 2845 640 2878 A
733 2845 798 2878 273
824 2845 872 2878 mi
899 2855 964 2879 om.
1058 2845 1124 2878 274
1150 2849 1224 2878 tam
1250 2843 1319 2878 BC
