2009 3218
804 207 843 242 v.
870 208 1059 243 298—329.
1585 210 1666 251 435

191 336 292 380 collo
322 339 532 377 cruminam
563 339 707 386 portat,
740 349 774 374 v.
809 336 857 373 ad
888 338 994 374 Asin.
1030 339 1122 373 1550.
1159 356 1205 361 —
1232 346 1378 384 parce,
1421 337 1576 385 omitte,
1618 337 1664 375 cf.

188 407 324 447 Bacch.
357 407 450 444 905.
505 404 593 442 Ter.
628 403 717 441 fleo.
753 405 845 442 232.
886 423 941 429 —
991 406 1084 442 312.
1132 402 1221 453 qui,
1263 419 1297 442 v.
1337 404 1386 442 ad
1424 404 1536 443 Curc.
1572 406 1665 443 274.

190 495 243 503 -
273 470 404 524 tanyit
434 473 478 510 A.
511 493 565 498 —
597 473 689 509 315.
725 468 845 510 Ahala
876 472 920 510 A.
961 491 1015 497 —
1055 473 1148 510 316.
1189 467 1312 510 boues
1343 468 1442 520 bini,
1474 483 1518 511 ut
1549 487 1668 525 supra

191 544 288 591 264,
328 542 472 580 nummi
510 540 559 578 ad
590 540 707 578 boves
745 540 926 578 emendos
966 540 1165 578 destinati.
1248 540 1375 579 Unum
1417 555 1491 592 par
1520 543 1667 593 signifi-

190 612 267 651 cari
296 609 469 656 videtur,
509 613 553 647 ut
582 608 687 659 apud
719 608 796 646 Cic.
828 609 938 646 Verr.
971 608 1035 655 IV,
1071 609 1132 656 14,
1165 610 1234 646 32:
1282 608 1418 656 „binos
1449 608 1664 661 scyphos“;

187 679 254 719 sed
283 691 354 730 pro
384 690 460 716 uno
491 677 576 727 pari
604 676 668 714 DC
693 678 839 714 nummi
858 672 911 726 (v.
933 672 1016 725 38),
1050 677 1073 714 i.
1093 689 1127 714 e.
1146 676 1250 714 MCC
1281 676 1473 715 drachmae
1506 679 1666 717 nimium

189 748 354 799 pretium
385 745 559 791 videtur,
593 746 738 795 quippe
770 744 875 795 quod
900 744 1173 782 Demosthenis
1197 748 1310 783 aetate
1334 746 1416 783 sine
1448 746 1565 784 dubio
1595 747 1668 786 du-

190 816 309 854 centis
332 813 525 853 drachmis
550 814 608 852 vel
634 814 794 851 minoris
818 814 891 851 emi
917 815 1101 863 potuerit,
1131 826 1166 851 v.
1193 812 1339 850 Buckh.
1357 812 1625 854 Staatshaush.
1651 817 1668 854 Ι

189 899 226 935 p.
260 885 311 922 82
341 897 397 933 sq.
470 882 606 932 Itaque
645 881 837 920 Christius
875 883 1014 920 Annal.
1055 882 1150 932 phil.
1182 881 1322 919 XCVII
1353 895 1392 932 p.
1427 883 1505 920 348
1545 883 1668 923 boues

190 951 450 997 didrachmos,
517 950 630 988 binos
690 950 808 989 boves
862 950 1172 989 tetradrachmos
1226 949 1445 1000 significare
1497 936 1666 1001 putevit,

190 1019 374 1071 Geppert.
406 1019 518 1057 Stud.
550 1019 567 1056 I
598 1033 636 1069 p.
672 1020 722 1056 52
754 1019 791 1057 h.
824 1019 848 1057 l.
881 1032 958 1056 non
990 1022 1033 1057 ut
1062 1019 1180 1067 vulgo
1211 1018 1462 1066 Tarentinos,
1511 1020 1579 1057 sed
1611 1020 1668 1058 Si-

190 1089 294 1127 culos
324 1099 518 1134 nummos,
561 1089 627 1137 qui
665 1087 746 1124 fere
786 1088 988 1126 sestertios
1019 1087 1213 1126 Romanos
1243 1087 1464 1137 aequabant,
1497 1088 1666 1138 intelligi

189 1157 356 1208 putavit,
403 1169 566 1206 quorum
604 1159 785 1193 neutrum
825 1157 906 1193 veri
944 1155 1070 1193 simile
1108 1158 1178 1194 eet.
1262 1155 1521 1204 Sagaristioni
1561 1157 1669 1195 nulla

182 1237 302 1263 -causa
332 1229 436 1270 erat,
484 1238 552 1262 cur
591 1228 770 1262 accurate
808 1225 978 1273 pretium
1017 1224 1133 1262 boum
1175 1225 1214 1261 in
1245 1224 1316 1262 tali
1347 1224 1432 1263 ioco
1463 1225 1665 1263 indicaret.

189 1312 242 1319 -
274 1293 365 1331 318.
397 1288 547 1339 Enim,
587 1292 635 1331 cf.
670 1294 762 1330 237.
798 1312 845 1318 —
888 1287 1023 1330 babile
1053 1293 1092 1330 in
1125 1293 1158 1330 A
1188 1293 1308 1330 fuisse
1338 1292 1506 1340 videtur,
1546 1307 1668 1344 eaque

189 1361 271 1399 sola
299 1361 466 1399 nominis
496 1361 621 1399 forma
652 1366 746 1399 note.
775 1365 854 1408 est3
887 1362 918 1398 si
940 1359 1157 1408 ‚,bubilem“
1180 1360 1268 1407 fuit,
1303 1360 1504 1409 „caulam“
1532 1362 1668 1400 audire

189 1441 401 1480 possumne.
462 1428 681 1467 Verborum
713 1428 900 1476 ordinem,
936 1430 1113 1480 quamvis
1143 1429 1246 1467 idem
1276 1430 1315 1466 in
1346 1429 1381 1466 A
1411 1430 1472 1477 sit,
1504 1431 1670 1468 mutavit

189 1497 234 1536 R.
292 1494 444 1535 reicere
473 1501 532 1535 est
563 1497 752 1547 redigere,
785 1498 832 1535 cf.
857 1497 972 1548 Verg.
997 1497 1090 1535 Buc.
1125 1499 1159 1545 3,
1194 1499 1265 1535 96:
1303 1511 1349 1542 „a
1377 1497 1535 1535 flumine
1566 1499 1668 1535 reice

190 1563 395 1616 capellas“.
437 1585 492 1590 —
529 1575 580 1603 ne
609 1565 809 1615 uayentur
840 1565 900 1603 ed.
933 1579 993 1616 pr.
1054 1565 1287 1604 Coniunctio
1320 1580 1398 1604 non
1428 1580 1450 1603 a
1485 1564 1664 1613 „metuo“

187 1633 349 1685 pendet,
395 1635 463 1672 sed
494 1648 516 1672 a
546 1637 630 1673 tota
661 1635 930 1672 enuntiatione
972 1637 1129 1681 „metuo
1161 1619 1245 1681 ut“,
1293 1634 1339 1672 cf.
1381 1635 1472 1672 314.
1515 1636 1580 1673 80.
1620 1634 1670 1672 ad

187 1702 273 1740 Aul.
293 1704 357 1741 39.
389 1721 443 1728 —
475 1704 568 1741 319.
607 1698 807 1741 Credetzcr
836 1701 1004 1740 Guietus
1035 1715 1119 1750 em.,
1152 1703 1199 1740 cf.
1226 1702 1346 1741 Stich.
1367 1704 1459 1741 511.
1488 1722 1536 1728 -
1564 1713 1669 1741 com-

188 1767 368 1817 modabo,
400 1771 447 1808 ct.
479 1770 557 1809 Cic.
591 1771 700 1808 Verr.
732 1771 797 1819 IV,
830 1773 867 1818 9,
901 1772 965 1809 20.
1012 1771 1131 1809 Attic.
1163 1771 1212 1818 ΙΙ,
1249 1772 1310 1819 16,
1345 1773 1381 1809 2.
1407 1771 1456 1809 al.
1488 1791 1542 1797 —
1575 1773 1668 1810 320.

189 1834 365 1888 Sequere
393 1839 478 1878 cod.
505 1839 551 1878 D.
585 1859 638 1865 —
669 1850 822 1878 mecum
855 1836 1011 1878 dudum
1043 1836 1175 1878 orasti
1203 1840 1249 1886 A,
1282 1840 1328 1877 cf.
1366 1841 1455 1878 118.
1490 1859 1537 1865 -
1575 1841 1668 1878 321.

188 1901 304 1945 bouis
335 1908 379 1951 A,
409 1908 456 1945 cf.
482 1908 598 1947 Most.
627 1909 690 1946 34.
737 1908 858 1955 Neue,
891 1907 1086 1946 Formenl.
1112 1907 1129 1945 I
1154 1922 1193 1959 p.
1213 1909 1305 1946 257.
1338 1928 1393 1934 —
1425 1909 1517 1947 323.
1551 1918 1669 1947 omne

190 1985 259 2024 890
287 1975 399 2013 Both.
446 1976 581 2015 Muell.
617 1977 771 2026 „Atque
803 1989 874 2027 ego
904 1976 977 2014 hoc
1009 1990 1121 2014 omne
1147 1980 1352 2025 argentum
1376 1976 1451 2014 tibi
1472 1974 1586 2015 huc.“
1614 1996 1670 2004 —·

189 2042 366 2082 actutum
396 2045 440 2082 A.
500 2045 601 2083 Ante
631 2045 704 2083 hoc
735 2045 923 2096 Geppert.
955 2044 1065 2083 Stud.
1097 2044 1135 2082 II
1164 2059 1201 2096 p.
1229 2046 1277 2083 81
1312 2042 1433 2092 „huc“
1468 2045 1574 2095 legit.
1615 2065 1664 2071 —

193 2111 282 2150 325.
316 2109 446 2151 Tanto
477 2109 635 2162 melior,
667 2127 704 2152 v.
737 2114 787 2152 ad
817 2113 933 2152 Bach.
968 2114 1061 2152 208.

300 2318 391 2357 328.
424 2319 625 2357 Parasitus
651 2319 730 2356 exit
755 2332 840 2357 cum
871 2319 953 2357 filia
983 2320 1023 2357 in
1053 2320 1305 2370 peregrinum
1336 2318 1495 2357 modum
1526 2323 1668 2358 ornata

190 2379 320 2434 (334),
366 2400 482 2437 quam
520 2388 652 2425 lenoni
693 2388 924 2425 venditurus
964 2390 1033 2425 est.
1083 2408 1132 2414 —
1187 2388 1278 2426 329.
1329 2382 1665 2437 Perennitatique

189 2453 433 2494 scribendum
473 2469 521 2493 ex
558 2457 610 2502 A,
658 2469 692 2494 v.
726 2455 850 2506 Gepp.
882 2455 991 2494 Stud.
1024 2455 1061 2493 II
1099 2469 1137 2506 p.
1171 2456 1245 2503 81;
1269 2451 1316 2494 'i.
1348 2468 1380 2493 e.
1411 2457 1452 2493 in
1489 2457 1668 2505 perenni-

190 2524 321 2569 tatem,
353 2519 447 2562 huic
471 2525 671 2572 perpetuo
703 2518 798 2570 cibo,
832 2525 856 2560 i.
874 2537 906 2561 e.
935 2537 1012 2574 quo
1042 2523 1104 2562 hic
1133 2527 1326 2575 perpetuo
1358 2524 1485 2572 fruar-3
1515 2524 1667 2563 facilius

192 2594 292 2628 esset
313 2595 381 2629 aut
409 2593 670 2643 „perennitati
694 2592 808 2630 huius
833 2590 933 2630 cibi“
963 2596 1032 2630 aut
1059 2592 1173 2639 „huic
1196 2592 1281 2631 cibo
1304 2595 1349 2630 ut
1370 2594 1552 2643 perennis
1576 2591 1667 2631 sit“.

191 2656 237 2696 R.
265 2658 462 2699 licentius:
499 2660 894 2710 „Perennitatemque
926 2659 1024 2698 adeo
1055 2660 1144 2698 huic
1173 2664 1382 2712 perpetuet
1405 2658 1520 2699 cibi“.
1574 2661 1668 2698 Tra-

194 2725 276 2773 gion
306 2727 386 2766 fere
415 2729 530 2766 modo
560 2741 775 2778 synonyma
806 2728 1065 2766 cumulantur.
1135 2728 1189 2768 Ut
1219 2730 1338 2768 ceteri
1368 2728 1482 2776 filios,
1514 2729 1569 2766 ita
1597 2742 1667 2778 pa-

194 2794 334 2834 rasitus
378 2797 504 2835 cibum
549 2796 624 2834 sibi
670 2798 918 2846 superstitem
963 2809 1045 2834 esse
1083 2799 1206 2846 optat.
1290 2796 1496 2846 suppetat,
1543 2812 1578 2835 v.
1619 2796 1668 2833 ad

1381 2872 1398 2891 *

1271 2924 1274 2927 ψ
1334 2873 1376 2906 28
