<?xml version="1.0" encoding="UTF-8"?>
<!DOCTYPE html PUBLIC "-//W3C//DTD XHTML 1.0 Transitional//EN"
    "http://www.w3.org/TR/xhtml1/DTD/xhtml1-transitional.dtd">
<html xmlns="http://www.w3.org/1999/xhtml" xml:lang="en" lang="en">
 <head>
  <title>
</title>
<meta http-equiv="Content-Type" content="text/html;charset=utf-8" />
  <meta name='ocr-system' content='tesseract 3.04.00' />
  <meta name='ocr-capabilities' content='ocr_page ocr_carea ocr_par ocr_line ocrx_word'/>
</head>
<body>
  <div class='ocr_page' id='page_1' title='image "./comoediaerecensu05plauuoft_0446.png"; bbox 0 0 2009 3218; ppageno 0'>
   <div class='ocr_carea' id='block_1_1' title="bbox 332 216 1133 258">
    <p class='ocr_par' dir='ltr' id='par_1_1' title="bbox 332 216 1133 258">
     <span class='ocr_line' id='line_1_1' title="bbox 332 216 1133 258; baseline -0.01 0"><span class='ocrx_word' id='word_1_1' title='bbox 332 221 414 258; x_wconf 80' lang='lat'>440</span> <span class='ocrx_word' id='word_1_2' title='bbox 1013 216 1133 251; x_wconf 85' lang='lat' dir='ltr'>Persa.</span> 
     </span>
    </p>
   </div>
   <div class='ocr_carea' id='block_1_2' title="bbox 330 340 1811 1615">
    <p class='ocr_par' dir='ltr' id='par_1_2' title="bbox 330 340 1811 1615">
     <span class='ocr_line' id='line_1_2' title="bbox 332 340 1800 394; baseline 0 -12"><span class='ocrx_word' id='word_1_3' title='bbox 332 345 441 382; x_wconf 78' lang='lat' dir='ltr'>Cure.</span> <span class='ocrx_word' id='word_1_4' title='bbox 477 345 568 383; x_wconf 84' lang='lat'>562.</span> <span class='ocrx_word' id='word_1_5' title='bbox 604 365 648 369; x_wconf 93' lang='lat'>—</span> <span class='ocrx_word' id='word_1_6' title='bbox 685 345 778 382; x_wconf 84' lang='lat'>432.</span> <span class='ocrx_word' id='word_1_7' title='bbox 812 340 975 382; x_wconf 74' lang='lat' dir='ltr'>Mirum</span> <span class='ocrx_word' id='word_1_8' title='bbox 999 342 1111 394; x_wconf 75' lang='lat' dir='ltr'>quin,</span> <span class='ocrx_word' id='word_1_9' title='bbox 1143 345 1188 382; x_wconf 89' lang='lat' dir='ltr'>cf.</span> <span class='ocrx_word' id='word_1_10' title='bbox 1223 346 1314 383; x_wconf 89' lang='lat'>338.</span> <span class='ocrx_word' id='word_1_11' title='bbox 1344 365 1395 370; x_wconf 89' lang='lat'>—-</span> <span class='ocrx_word' id='word_1_12' title='bbox 1428 345 1522 383; x_wconf 86' lang='lat' dir='ltr'>Post</span> <span class='ocrx_word' id='word_1_13' title='bbox 1557 343 1800 392; x_wconf 79' lang='lat' dir='ltr'>„crederem“</span> 
     </span>
     <span class='ocr_line' id='line_1_3' title="bbox 332 410 1805 462; baseline 0 -11"><span class='ocrx_word' id='word_1_14' title='bbox 332 414 479 460; x_wconf 83' lang='lat' dir='ltr'>hiatus3</span> <span class='ocrx_word' id='word_1_15' title='bbox 511 412 557 450; x_wconf 88' lang='lat' dir='ltr'>R.</span> <span class='ocrx_word' id='word_1_16' title='bbox 586 415 654 458; x_wconf 84' lang='lat' dir='ltr'>„ut</span> <span class='ocrx_word' id='word_1_17' title='bbox 682 411 786 449; x_wconf 81' lang='lat' dir='ltr'>idem</span> <span class='ocrx_word' id='word_1_18' title='bbox 816 415 857 449; x_wconf 90' lang='lat' dir='ltr'>tu</span> <span class='ocrx_word' id='word_1_19' title='bbox 888 410 1022 450; x_wconf 86' lang='lat' dir='ltr'>mihi“.</span> <span class='ocrx_word' id='word_1_20' title='bbox 1049 431 1099 437; x_wconf 89' lang='lat'>—-</span> <span class='ocrx_word' id='word_1_21' title='bbox 1125 413 1218 450; x_wconf 89' lang='grc'><strong>433.</strong></span> <span class='ocrx_word' id='word_1_22' title='bbox 1242 410 1404 461; x_wconf 71' lang='lat' dir='ltr'>passim</span> <span class='ocrx_word' id='word_1_23' title='bbox 1428 413 1487 462; x_wconf 57' lang='lat' dir='ltr'>R„</span> <span class='ocrx_word' id='word_1_24' title='bbox 1520 413 1565 450; x_wconf 89' lang='lat' dir='ltr'>cf.</span> <span class='ocrx_word' id='word_1_25' title='bbox 1585 413 1692 451; x_wconf 83' lang='lat' dir='ltr'>Trin.</span> <span class='ocrx_word' id='word_1_26' title='bbox 1712 414 1805 451; x_wconf 83' lang='lat'>835.</span> 
     </span>
     <span class='ocr_line' id='line_1_4' title="bbox 331 478 1805 528; baseline -0.001 -10"><span class='ocrx_word' id='word_1_27' title='bbox 331 502 386 507; x_wconf 95' lang='lat'>—</span> <span class='ocrx_word' id='word_1_28' title='bbox 403 482 495 519; x_wconf 87' lang='lat'>435.</span> <span class='ocrx_word' id='word_1_29' title='bbox 514 490 564 518; x_wconf 71' lang='lat' dir='ltr'>ex</span> <span class='ocrx_word' id='word_1_30' title='bbox 576 478 715 528; x_wconf 70' lang='lat' dir='ltr'>porta,</span> <span class='ocrx_word' id='word_1_31' title='bbox 742 480 842 527; x_wconf 86' lang='lat' dir='ltr'>circi,</span> <span class='ocrx_word' id='word_1_32' title='bbox 862 479 928 516; x_wconf 87' lang='lat' dir='ltr'>ubi</span> <span class='ocrx_word' id='word_1_33' title='bbox 951 479 1192 517; x_wconf 79' lang='lat' dir='ltr'>habebantur</span> <span class='ocrx_word' id='word_1_34' title='bbox 1211 482 1448 519; x_wconf 84' lang='lat' dir='ltr'>venationes.</span> <span class='ocrx_word' id='word_1_35' title='bbox 1497 481 1609 527; x_wconf 81' lang='lat' dir='ltr'>Quod</span> <span class='ocrx_word' id='word_1_36' title='bbox 1626 481 1805 518; x_wconf 84' lang='lat' dir='ltr'>ludorum</span> 
     </span>
     <span class='ocr_line' id='line_1_5' title="bbox 330 544 1805 600; baseline -0.001 -13"><span class='ocrx_word' id='word_1_37' title='bbox 330 562 453 600; x_wconf 82' lang='lat' dir='ltr'>genus</span> <span class='ocrx_word' id='word_1_38' title='bbox 478 561 592 598; x_wconf 85' lang='lat' dir='ltr'>quam</span> <span class='ocrx_word' id='word_1_39' title='bbox 617 544 819 597; x_wconf 85' lang='lat' dir='ltr'>antiquum</span> <span class='ocrx_word' id='word_1_40' title='bbox 843 547 962 584; x_wconf 85' lang='lat' dir='ltr'>fuerit</span> <span class='ocrx_word' id='word_1_41' title='bbox 978 547 1120 594; x_wconf 84' lang='lat' dir='ltr'>Romae,</span> <span class='ocrx_word' id='word_1_42' title='bbox 1145 548 1390 597; x_wconf 62' lang='lat' dir='ltr'>ignoramus»,</span> <span class='ocrx_word' id='word_1_43' title='bbox 1422 548 1489 586; x_wconf 90' lang='lat' dir='ltr'>sed</span> <span class='ocrx_word' id='word_1_44' title='bbox 1515 562 1633 598; x_wconf 90' lang='lat' dir='ltr'>quum</span> <span class='ocrx_word' id='word_1_45' title='bbox 1660 550 1734 586; x_wconf 86' lang='lat' dir='ltr'>iam</span> <span class='ocrx_word' id='word_1_46' title='bbox 1754 548 1805 585; x_wconf 84' lang='lat' dir='ltr'>M.</span> 
     </span>
     <span class='ocr_line' id='line_1_6' title="bbox 333 615 1807 664; baseline -0.001 -10"><span class='ocrx_word' id='word_1_47' title='bbox 333 617 494 655; x_wconf 85' lang='lat' dir='ltr'>Fulvius</span> <span class='ocrx_word' id='word_1_48' title='bbox 535 629 567 653; x_wconf 86' lang='lat' dir='ltr'>a.</span> <span class='ocrx_word' id='word_1_49' title='bbox 601 629 634 653; x_wconf 88' lang='lat' dir='ltr'>a.</span> <span class='ocrx_word' id='word_1_50' title='bbox 667 615 756 653; x_wconf 83' lang='lat' dir='ltr'>Chr.</span> <span class='ocrx_word' id='word_1_51' title='bbox 794 615 869 652; x_wconf 88' lang='lat'>186</span> <span class='ocrx_word' id='word_1_52' title='bbox 901 615 1055 652; x_wconf 82' lang='lat' dir='ltr'>leonum</span> <span class='ocrx_word' id='word_1_53' title='bbox 1089 618 1127 652; x_wconf 90' lang='lat' dir='ltr'>et</span> <span class='ocrx_word' id='word_1_54' title='bbox 1156 616 1435 664; x_wconf 76' lang='lat' dir='ltr'><strong>pantherarum</strong></span> <span class='ocrx_word' id='word_1_55' title='bbox 1468 617 1710 654; x_wconf 81' lang='lat' dir='ltr'>venationem</span> <span class='ocrx_word' id='word_1_56' title='bbox 1742 615 1807 653; x_wconf 88' lang='lat' dir='ltr'>de-</span> 
     </span>
     <span class='ocr_line' id='line_1_7' title="bbox 332 682 1806 733; baseline -0.001 -12"><span class='ocrx_word' id='word_1_57' title='bbox 332 685 447 731; x_wconf 86' lang='lat' dir='ltr'>derit,</span> <span class='ocrx_word' id='word_1_58' title='bbox 490 697 524 721; x_wconf 92' lang='lat' dir='ltr'>v.</span> <span class='ocrx_word' id='word_1_59' title='bbox 556 682 641 722; x_wconf 84' lang='lat' dir='ltr'>Liv.</span> <span class='ocrx_word' id='word_1_60' title='bbox 673 682 854 729; x_wconf 88' lang='lat' dir='ltr'>XXXIX,</span> <span class='ocrx_word' id='word_1_61' title='bbox 890 683 962 729; x_wconf 81' lang='lat'>22,</span> <span class='ocrx_word' id='word_1_62' title='bbox 1002 683 1045 729; x_wconf 92' lang='lat'>2,</span> <span class='ocrx_word' id='word_1_63' title='bbox 1086 696 1162 720; x_wconf 87' lang='lat' dir='ltr'>uon</span> <span class='ocrx_word' id='word_1_64' title='bbox 1201 687 1260 720; x_wconf 87' lang='lat' dir='ltr'>est</span> <span class='ocrx_word' id='word_1_65' title='bbox 1291 683 1472 731; x_wconf 86' lang='lat' dir='ltr'>dubium,</span> <span class='ocrx_word' id='word_1_66' title='bbox 1519 685 1610 733; x_wconf 85' lang='lat' dir='ltr'>quin</span> <span class='ocrx_word' id='word_1_67' title='bbox 1643 685 1806 722; x_wconf 79' lang='lat' dir='ltr'>aliarum</span> 
     </span>
     <span class='ocr_line' id='line_1_8' title="bbox 332 750 1804 799; baseline -0.001 -9"><span class='ocrx_word' id='word_1_68' title='bbox 332 753 502 790; x_wconf 86' lang='lat' dir='ltr'>ferarum</span> <span class='ocrx_word' id='word_1_69' title='bbox 540 750 685 788; x_wconf 90' lang='lat' dir='ltr'>fuerint</span> <span class='ocrx_word' id='word_1_70' title='bbox 722 755 846 788; x_wconf 82' lang='lat' dir='ltr'>antea.</span> <span class='ocrx_word' id='word_1_71' title='bbox 921 750 1144 787; x_wconf 82' lang='lat' dir='ltr'><strong>Floralibus</strong></span> <span class='ocrx_word' id='word_1_72' title='bbox 1183 754 1283 788; x_wconf 82' lang='lat' dir='ltr'>teste</span> <span class='ocrx_word' id='word_1_73' title='bbox 1324 751 1463 789; x_wconf 89' lang='lat' dir='ltr'>Ovidio</span> <span class='ocrx_word' id='word_1_74' title='bbox 1495 751 1600 790; x_wconf 88' lang='lat' dir='ltr'>Fast.</span> <span class='ocrx_word' id='word_1_75' title='bbox 1633 752 1684 799; x_wconf 90' lang='lat' dir='ltr'>V,</span> <span class='ocrx_word' id='word_1_76' title='bbox 1729 753 1804 789; x_wconf 84' lang='lat'>371</span> 
     </span>
     <span class='ocr_line' id='line_1_9' title="bbox 335 817 1808 870; baseline -0.001 -14"><span class='ocrx_word' id='word_1_77' title='bbox 335 833 432 870; x_wconf 87' lang='lat' dir='ltr'>„pro</span> <span class='ocrx_word' id='word_1_78' title='bbox 465 819 620 868; x_wconf 86' lang='lat' dir='ltr'>Libycis</span> <span class='ocrx_word' id='word_1_79' title='bbox 661 817 898 856; x_wconf 88' lang='lat' dir='ltr'>clauduntur</span> <span class='ocrx_word' id='word_1_80' title='bbox 942 821 1024 855; x_wconf 86' lang='lat' dir='ltr'>rete</span> <span class='ocrx_word' id='word_1_81' title='bbox 1069 818 1200 855; x_wconf 79' lang='lat' dir='ltr'>leaenis</span> <span class='ocrx_word' id='word_1_82' title='bbox 1245 819 1425 856; x_wconf 88' lang='lat' dir='ltr'>Imbelles</span> <span class='ocrx_word' id='word_1_83' title='bbox 1471 832 1619 870; x_wconf 74' lang='lat' dir='ltr'>capreae</span> <span class='ocrx_word' id='word_1_84' title='bbox 1664 819 1808 857; x_wconf 85' lang='lat' dir='ltr'>sollici-</span> 
     </span>
     <span class='ocr_line' id='line_1_10' title="bbox 331 883 1808 938; baseline -0.001 -12"><span class='ocrx_word' id='word_1_85' title='bbox 331 892 472 938; x_wconf 84' lang='lat' dir='ltr'>tusque</span> <span class='ocrx_word' id='word_1_86' title='bbox 508 883 658 936; x_wconf 87' lang='lat' dir='ltr'>lepus“.</span> <span class='ocrx_word' id='word_1_87' title='bbox 735 886 860 923; x_wconf 83' lang='lat' dir='ltr'>Varro</span> <span class='ocrx_word' id='word_1_88' title='bbox 899 888 1027 923; x_wconf 89' lang='lat' dir='ltr'>autem</span> <span class='ocrx_word' id='word_1_89' title='bbox 1067 886 1110 924; x_wconf 91' lang='lat' dir='ltr'>R.</span> <span class='ocrx_word' id='word_1_90' title='bbox 1143 886 1189 924; x_wconf 90' lang='lat' dir='ltr'>R.</span> <span class='ocrx_word' id='word_1_91' title='bbox 1220 886 1296 932; x_wconf 86' lang='grc' dir='ltr'><strong>ΙΙΙ,</strong></span> <span class='ocrx_word' id='word_1_92' title='bbox 1341 887 1408 925; x_wconf 84' lang='lat'>13:</span> <span class='ocrx_word' id='word_1_93' title='bbox 1459 887 1608 934; x_wconf 89' lang='lat' dir='ltr'>„Tanto</span> <span class='ocrx_word' id='word_1_94' title='bbox 1647 888 1808 925; x_wconf 87' lang='lat' dir='ltr'>circum-</span> 
     </span>
     <span class='ocr_line' id='line_1_11' title="bbox 331 955 1808 1004; baseline -0.001 -11"><span class='ocrx_word' id='word_1_95' title='bbox 331 955 446 993; x_wconf 84' lang='lat' dir='ltr'>fluxit</span> <span class='ocrx_word' id='word_1_96' title='bbox 484 968 555 992; x_wconf 88' lang='lat' dir='ltr'>nos</span> <span class='ocrx_word' id='word_1_97' title='bbox 588 966 788 992; x_wconf 86' lang='lat' dir='ltr'>cervorum</span> <span class='ocrx_word' id='word_1_98' title='bbox 820 966 1001 1002; x_wconf 87' lang='lat' dir='ltr'>aprorum</span> <span class='ocrx_word' id='word_1_99' title='bbox 1035 956 1075 991; x_wconf 89' lang='lat' dir='ltr'>et</span> <span class='ocrx_word' id='word_1_100' title='bbox 1104 957 1318 992; x_wconf 85' lang='lat' dir='ltr'>ceterarum</span> <span class='ocrx_word' id='word_1_101' title='bbox 1352 955 1646 1004; x_wconf 80' lang='lat' dir='ltr'>quadrupedum</span> <span class='ocrx_word' id='word_1_102' title='bbox 1679 955 1808 992; x_wconf 87' lang='lat' dir='ltr'>multi-</span> 
     </span>
     <span class='ocr_line' id='line_1_12' title="bbox 331 1021 1808 1073; baseline -0.001 -12"><span class='ocrx_word' id='word_1_103' title='bbox 331 1024 440 1071; x_wconf 91' lang='lat' dir='ltr'>tudo,</span> <span class='ocrx_word' id='word_1_104' title='bbox 472 1027 516 1060; x_wconf 92' lang='lat' dir='ltr'>ut</span> <span class='ocrx_word' id='word_1_105' title='bbox 546 1036 621 1060; x_wconf 90' lang='lat' dir='ltr'>non</span> <span class='ocrx_word' id='word_1_106' title='bbox 654 1023 778 1059; x_wconf 88' lang='lat' dir='ltr'>minus</span> <span class='ocrx_word' id='word_1_107' title='bbox 809 1021 1020 1059; x_wconf 84' lang='lat' dir='ltr'>formosum</span> <span class='ocrx_word' id='word_1_108' title='bbox 1051 1021 1146 1059; x_wconf 89' lang='lat' dir='ltr'>mihi</span> <span class='ocrx_word' id='word_1_109' title='bbox 1176 1022 1301 1059; x_wconf 89' lang='lat' dir='ltr'>visum</span> <span class='ocrx_word' id='word_1_110' title='bbox 1333 1023 1383 1060; x_wconf 87' lang='lat' dir='ltr'>sit</span> <span class='ocrx_word' id='word_1_111' title='bbox 1407 1023 1670 1071; x_wconf 73' lang='lat' dir='ltr'>spectaculum</span> <span class='ocrx_word' id='word_1_112' title='bbox 1694 1036 1808 1073; x_wconf 86' lang='lat' dir='ltr'>quam</span> 
     </span>
     <span class='ocr_line' id='line_1_13' title="bbox 333 1089 1810 1139; baseline -0.001 -10"><span class='ocrx_word' id='word_1_113' title='bbox 333 1093 371 1129; x_wconf 92' lang='lat' dir='ltr'>in</span> <span class='ocrx_word' id='word_1_114' title='bbox 410 1092 511 1129; x_wconf 84' lang='lat' dir='ltr'>circo</span> <span class='ocrx_word' id='word_1_115' title='bbox 548 1092 715 1128; x_wconf 84' lang='lat' dir='ltr'>maximo</span> <span class='ocrx_word' id='word_1_116' title='bbox 748 1089 929 1136; x_wconf 86' lang='lat' dir='ltr'>aedilium,</span> <span class='ocrx_word' id='word_1_117' title='bbox 969 1089 1051 1126; x_wconf 89' lang='lat' dir='ltr'>sine</span> <span class='ocrx_word' id='word_1_118' title='bbox 1081 1089 1275 1127; x_wconf 78' lang='lat' dir='ltr'>Africanis</span> <span class='ocrx_word' id='word_1_119' title='bbox 1308 1090 1441 1127; x_wconf 86' lang='lat' dir='ltr'>bestiis</span> <span class='ocrx_word' id='word_1_120' title='bbox 1472 1104 1588 1139; x_wconf 90' lang='lat' dir='ltr'>quum</span> <span class='ocrx_word' id='word_1_121' title='bbox 1620 1090 1718 1128; x_wconf 80' lang='lat' dir='ltr'>fiunt</span> <span class='ocrx_word' id='word_1_122' title='bbox 1746 1103 1810 1128; x_wconf 87' lang='lat' dir='ltr'>ve-</span> 
     </span>
     <span class='ocr_line' id='line_1_14' title="bbox 332 1155 1810 1206; baseline -0.001 -9"><span class='ocrx_word' id='word_1_123' title='bbox 332 1155 548 1197; x_wconf 88' lang='lat' dir='ltr'>nationes“.</span> <span class='ocrx_word' id='word_1_124' title='bbox 580 1177 634 1183; x_wconf 94' lang='lat'><strong>—</strong></span> <span class='ocrx_word' id='word_1_125' title='bbox 665 1158 759 1196; x_wconf 87' lang='lat'>436.</span> <span class='ocrx_word' id='word_1_126' title='bbox 792 1157 933 1204; x_wconf 72' lang='lat' dir='ltr'>erunt,</span> <span class='ocrx_word' id='word_1_127' title='bbox 966 1169 1047 1194; x_wconf 88' lang='lat' dir='ltr'>esse</span> <span class='ocrx_word' id='word_1_128' title='bbox 1078 1156 1248 1205; x_wconf 89' lang='lat' dir='ltr'>videbis,</span> <span class='ocrx_word' id='word_1_129' title='bbox 1278 1171 1313 1195; x_wconf 90' lang='lat' dir='ltr'>v.</span> <span class='ocrx_word' id='word_1_130' title='bbox 1348 1158 1396 1195; x_wconf 78' lang='lat' dir='ltr'>ad</span> <span class='ocrx_word' id='word_1_131' title='bbox 1427 1158 1535 1196; x_wconf 84' lang='lat' dir='ltr'>Asin.</span> <span class='ocrx_word' id='word_1_132' title='bbox 1570 1160 1669 1196; x_wconf 79' lang='lat'><strong>727:</strong></span> <span class='ocrx_word' id='word_1_133' title='bbox 1714 1158 1810 1206; x_wconf 82' lang='lat' dir='ltr'>„Hic</span> 
     </span>
     <span class='ocr_line' id='line_1_15' title="bbox 330 1221 1809 1275; baseline -0.001 -11"><span class='ocrx_word' id='word_1_134' title='bbox 330 1228 489 1264; x_wconf 90' lang='lat' dir='ltr'>inerunt</span> <span class='ocrx_word' id='word_1_135' title='bbox 518 1227 659 1274; x_wconf 84' lang='lat' dir='ltr'>uiginti</span> <span class='ocrx_word' id='word_1_136' title='bbox 689 1222 856 1263; x_wconf 85' lang='lat' dir='ltr'>minae“.</span> <span class='ocrx_word' id='word_1_137' title='bbox 896 1245 949 1249; x_wconf 91' lang='lat'><strong>—</strong></span> <span class='ocrx_word' id='word_1_138' title='bbox 995 1225 1088 1262; x_wconf 88' lang='grc'><strong>439.</strong></span> <span class='ocrx_word' id='word_1_139' title='bbox 1133 1221 1223 1271; x_wconf 74' lang='grc' dir='ltr'><em>Ῐῑθο,</em></span> <span class='ocrx_word' id='word_1_140' title='bbox 1263 1229 1488 1275; x_wconf 82' lang='lat' dir='ltr'>argentum,</span> <span class='ocrx_word' id='word_1_141' title='bbox 1533 1224 1809 1275; x_wconf 73' lang='lat' dir='ltr'>spectandum,</span> 
     </span>
     <span class='ocr_line' id='line_1_16' title="bbox 331 1292 1810 1345; baseline -0.001 -12"><span class='ocrx_word' id='word_1_142' title='bbox 331 1299 461 1334; x_wconf 87' lang='lat' dir='ltr'>utrum</span> <span class='ocrx_word' id='word_1_143' title='bbox 493 1294 660 1345; x_wconf 77' lang='lat' dir='ltr'>probum</span> <span class='ocrx_word' id='word_1_144' title='bbox 690 1294 742 1331; x_wconf 86' lang='lat' dir='ltr'>sit</span> <span class='ocrx_word' id='word_1_145' title='bbox 772 1307 819 1331; x_wconf 89' lang='lat' dir='ltr'>an</span> <span class='ocrx_word' id='word_1_146' title='bbox 850 1306 938 1331; x_wconf 91' lang='lat' dir='ltr'>non.</span> <span class='ocrx_word' id='word_1_147' title='bbox 999 1292 1175 1330; x_wconf 82' lang='lat' dir='ltr'>Donatus</span> <span class='ocrx_word' id='word_1_148' title='bbox 1200 1293 1248 1330; x_wconf 89' lang='lat' dir='ltr'>ad</span> <span class='ocrx_word' id='word_1_149' title='bbox 1272 1293 1359 1331; x_wconf 86' lang='lat' dir='ltr'>Ter.</span> <span class='ocrx_word' id='word_1_150' title='bbox 1385 1293 1483 1331; x_wconf 88' lang='lat' dir='ltr'>Eun.</span> <span class='ocrx_word' id='word_1_151' title='bbox 1504 1296 1581 1332; x_wconf 83' lang='lat'>566</span> <span class='ocrx_word' id='word_1_152' title='bbox 1610 1292 1810 1344; x_wconf 84' lang='lat' dir='ltr'>(,‚elegans</span> 
     </span>
     <span class='ocr_line' id='line_1_17' title="bbox 332 1358 1810 1413; baseline -0.001 -12"><span class='ocrx_word' id='word_1_153' title='bbox 332 1364 543 1401; x_wconf 86' lang='lat' dir='ltr'>formarum</span> <span class='ocrx_word' id='word_1_154' title='bbox 573 1358 815 1413; x_wconf 84' lang='lat' dir='ltr'>spectator“)</span> <span class='ocrx_word' id='word_1_155' title='bbox 848 1361 1030 1398; x_wconf 88' lang='lat' dir='ltr'>adnotat:</span> <span class='ocrx_word' id='word_1_156' title='bbox 1065 1360 1307 1410; x_wconf 80' lang='lat' dir='ltr'>,‚Spectator,</span> <span class='ocrx_word' id='word_1_157' title='bbox 1338 1362 1539 1410; x_wconf 77' lang='lat' dir='ltr'>probator,</span> <span class='ocrx_word' id='word_1_158' title='bbox 1570 1366 1614 1399; x_wconf 88' lang='lat' dir='ltr'>ut</span> <span class='ocrx_word' id='word_1_159' title='bbox 1636 1364 1810 1412; x_wconf 60' lang='lat' dir='ltr'>pecuniae</span> 
     </span>
     <span class='ocr_line' id='line_1_18' title="bbox 332 1427 1811 1482; baseline -0.001 -13"><span class='ocrx_word' id='word_1_160' title='bbox 332 1434 571 1482; x_wconf 78' lang='lat' dir='ltr'>spectatores</span> <span class='ocrx_word' id='word_1_161' title='bbox 610 1427 830 1468; x_wconf 87' lang='lat' dir='ltr'>dicantur“.</span> <span class='ocrx_word' id='word_1_162' title='bbox 907 1428 1039 1466; x_wconf 86' lang='lat' dir='ltr'>Graece</span> <span class='ocrx_word' id='word_1_163' title='bbox 1078 1429 1288 1477; x_wconf 62' lang='grc' dir='ltr'><em>δοκιμαστὴς</em></span> <span class='ocrx_word' id='word_1_164' title='bbox 1326 1429 1480 1466; x_wconf 87' lang='lat' dir='ltr'>dicitur.</span> <span class='ocrx_word' id='word_1_165' title='bbox 1554 1430 1636 1467; x_wconf 89' lang='lat' dir='ltr'>Hoc</span> <span class='ocrx_word' id='word_1_166' title='bbox 1673 1442 1811 1478; x_wconf 84' lang='lat' dir='ltr'>argen-</span> 
     </span>
     <span class='ocr_line' id='line_1_19' title="bbox 331 1493 1810 1547; baseline 0 -11"><span class='ocrx_word' id='word_1_167' title='bbox 331 1499 518 1537; x_wconf 83' lang='lat' dir='ltr'>tariorum</span> <span class='ocrx_word' id='word_1_168' title='bbox 543 1511 681 1535; x_wconf 89' lang='lat' dir='ltr'>munus</span> <span class='ocrx_word' id='word_1_169' title='bbox 706 1501 774 1536; x_wconf 84' lang='lat' dir='ltr'>est.</span> <span class='ocrx_word' id='word_1_170' title='bbox 835 1497 1005 1546; x_wconf 84' lang='lat' dir='ltr'>Toxilus,</span> <span class='ocrx_word' id='word_1_171' title='bbox 1031 1497 1134 1546; x_wconf 90' lang='lat' dir='ltr'>quod</span> <span class='ocrx_word' id='word_1_172' title='bbox 1158 1493 1248 1534; x_wconf 90' lang='lat' dir='ltr'>leno</span> <span class='ocrx_word' id='word_1_173' title='bbox 1277 1496 1443 1543; x_wconf 87' lang='lat' dir='ltr'>dubitat,</span> <span class='ocrx_word' id='word_1_174' title='bbox 1467 1497 1634 1535; x_wconf 86' lang='lat' dir='ltr'>irridens</span> <span class='ocrx_word' id='word_1_175' title='bbox 1659 1499 1810 1547; x_wconf 70' lang='lat' dir='ltr'>quaerit,</span> 
     </span>
     <span class='ocr_line' id='line_1_20' title="bbox 333 1565 1808 1615; baseline -0.001 -11"><span class='ocrx_word' id='word_1_176' title='bbox 333 1580 424 1604; x_wconf 87' lang='lat' dir='ltr'>num</span> <span class='ocrx_word' id='word_1_177' title='bbox 464 1570 611 1604; x_wconf 87' lang='lat' dir='ltr'>metuat</span> <span class='ocrx_word' id='word_1_178' title='bbox 650 1579 781 1604; x_wconf 88' lang='lat' dir='ltr'>eorum</span> <span class='ocrx_word' id='word_1_179' title='bbox 823 1565 938 1603; x_wconf 83' lang='lat' dir='ltr'>alicui</span> <span class='ocrx_word' id='word_1_180' title='bbox 977 1578 1152 1603; x_wconf 86' lang='lat' dir='ltr'>nummos</span> <span class='ocrx_word' id='word_1_181' title='bbox 1184 1565 1416 1615; x_wconf 86' lang='lat' dir='ltr'>spectandos</span> <span class='ocrx_word' id='word_1_182' title='bbox 1447 1567 1486 1602; x_wconf 91' lang='lat' dir='ltr'>in</span> <span class='ocrx_word' id='word_1_183' title='bbox 1517 1579 1672 1603; x_wconf 88' lang='lat' dir='ltr'>manum</span> <span class='ocrx_word' id='word_1_184' title='bbox 1705 1567 1808 1603; x_wconf 82' lang='lat' dir='ltr'>dare.</span> 
     </span>
    </p>
   </div>
   <div class='ocr_carea' id='block_1_3' title="bbox 331 1629 1819 1684">
    <p class='ocr_par' dir='ltr' id='par_1_3' title="bbox 331 1629 1819 1684">
     <span class='ocr_line' id='line_1_21' title="bbox 331 1629 1819 1684; baseline -0.001 -12"><span class='ocrx_word' id='word_1_185' title='bbox 331 1635 433 1672; x_wconf 84' lang='lat' dir='ltr'>Mire</span> <span class='ocrx_word' id='word_1_186' title='bbox 466 1637 598 1672; x_wconf 83' lang='lat' dir='ltr'>errant</span> <span class='ocrx_word' id='word_1_187' title='bbox 639 1634 704 1684; x_wconf 89' lang='lat' dir='ltr'>qui</span> <span class='ocrx_word' id='word_1_188' title='bbox 747 1630 890 1681; x_wconf 84' lang='lat' dir='ltr'>„mihi“</span> <span class='ocrx_word' id='word_1_189' title='bbox 933 1632 1109 1670; x_wconf 88' lang='lat' dir='ltr'>audiunt.</span> <span class='ocrx_word' id='word_1_190' title='bbox 1186 1633 1294 1671; x_wconf 89' lang='lat' dir='ltr'>Leno</span> <span class='ocrx_word' id='word_1_191' title='bbox 1333 1647 1366 1670; x_wconf 91' lang='lat' dir='ltr'>v.</span> <span class='ocrx_word' id='word_1_192' title='bbox 1401 1633 1478 1670; x_wconf 92' lang='lat'>441</span> <span class='ocrx_word' id='word_1_193' title='bbox 1514 1629 1710 1671; x_wconf 70' lang='lat' dir='ltr'>Illirmn?</span> <span class='ocrx_word' id='word_1_194' title='bbox 1753 1637 1819 1670; x_wconf 61' lang='lat' dir='ltr'>re-&gt;</span> 
     </span>
    </p>
   </div>
   <div class='ocr_carea' id='block_1_4' title="bbox 332 1699 1810 1753">
    <p class='ocr_par' dir='ltr' id='par_1_4' title="bbox 332 1699 1810 1753">
     <span class='ocr_line' id='line_1_22' title="bbox 332 1699 1810 1753; baseline -0.001 -12"><span class='ocrx_word' id='word_1_195' title='bbox 332 1702 511 1753; x_wconf 75' lang='lat' dir='ltr'>spondet,</span> <span class='ocrx_word' id='word_1_196' title='bbox 544 1703 568 1740; x_wconf 95' lang='lat' dir='ltr'>i.</span> <span class='ocrx_word' id='word_1_197' title='bbox 601 1714 633 1738; x_wconf 90' lang='lat' dir='ltr'>e.</span> <span class='ocrx_word' id='word_1_198' title='bbox 669 1715 715 1738; x_wconf 87' lang='lat' dir='ltr'>an</span> <span class='ocrx_word' id='word_1_199' title='bbox 747 1701 819 1738; x_wconf 89' lang='lat' dir='ltr'>hoc</span> <span class='ocrx_word' id='word_1_200' title='bbox 850 1702 992 1738; x_wconf 91' lang='lat' dir='ltr'>mirum</span> <span class='ocrx_word' id='word_1_201' title='bbox 1024 1699 1110 1738; x_wconf 82' lang='lat' dir='ltr'>est?</span> <span class='ocrx_word' id='word_1_202' title='bbox 1157 1700 1228 1739; x_wconf 90' lang='lat' dir='ltr'>Cui</span> <span class='ocrx_word' id='word_1_203' title='bbox 1251 1701 1432 1738; x_wconf 87' lang='lat' dir='ltr'>Toxilus:</span> <span class='ocrx_word' id='word_1_204' title='bbox 1469 1702 1615 1748; x_wconf 88' lang='lat' dir='ltr'>„Immo</span> <span class='ocrx_word' id='word_1_205' title='bbox 1641 1703 1673 1738; x_wconf 90' lang='lat' dir='ltr'>si</span> <span class='ocrx_word' id='word_1_206' title='bbox 1704 1714 1810 1751; x_wconf 86' lang='lat' dir='ltr'>spec-</span> 
     </span>
    </p>
   </div>
   <div class='ocr_carea' id='block_1_5' title="bbox 332 1768 1839 1820">
    <p class='ocr_par' dir='ltr' id='par_1_5' title="bbox 332 1768 1839 1820">
     <span class='ocr_line' id='line_1_23' title="bbox 332 1768 1839 1820; baseline -0.001 -13"><span class='ocrx_word' id='word_1_207' title='bbox 332 1772 408 1808; x_wconf 86' lang='lat' dir='ltr'>tari</span> <span class='ocrx_word' id='word_1_208' title='bbox 447 1772 524 1817; x_wconf 89' lang='lat' dir='ltr'>vis,</span> <span class='ocrx_word' id='word_1_209' title='bbox 570 1768 862 1820; x_wconf 84' lang='lat' dir='ltr'>properandum</span> <span class='ocrx_word' id='word_1_210' title='bbox 895 1772 971 1816; x_wconf 89' lang='lat' dir='ltr'>est,</span> <span class='ocrx_word' id='word_1_211' title='bbox 1018 1782 1106 1806; x_wconf 86' lang='lat' dir='ltr'>nam</span> <span class='ocrx_word' id='word_1_212' title='bbox 1147 1769 1260 1806; x_wconf 85' lang='lat' dir='ltr'>adest</span> <span class='ocrx_word' id='word_1_213' title='bbox 1295 1773 1448 1818; x_wconf 86' lang='lat' dir='ltr'>tempus</span> <span class='ocrx_word' id='word_1_214' title='bbox 1489 1782 1565 1819; x_wconf 89' lang='lat' dir='ltr'>quo</span> <span class='ocrx_word' id='word_1_215' title='bbox 1597 1771 1839 1817; x_wconf 71' lang='lat' dir='ltr'>argentarii</span> 
     </span>
    </p>
   </div>
   <div class='ocr_carea' id='block_1_6' title="bbox 330 1834 1811 2769">
    <p class='ocr_par' dir='ltr' id='par_1_6' title="bbox 330 1834 1811 2227">
     <span class='ocr_line' id='line_1_24' title="bbox 330 1834 1811 1887; baseline -0.001 -11"><span class='ocrx_word' id='word_1_216' title='bbox 330 1839 457 1876; x_wconf 84' lang='lat' dir='ltr'>forum</span> <span class='ocrx_word' id='word_1_217' title='bbox 503 1834 772 1887; x_wconf 88' lang='lat' dir='ltr'>relinquunt“.</span> <span class='ocrx_word' id='word_1_218' title='bbox 847 1837 909 1874; x_wconf 82' lang='lat' dir='ltr'>Sic</span> <span class='ocrx_word' id='word_1_219' title='bbox 953 1838 1181 1886; x_wconf 86' lang='lat' dir='ltr'>interpunxi</span> <span class='ocrx_word' id='word_1_220' title='bbox 1226 1841 1265 1875; x_wconf 88' lang='lat' dir='ltr'>et</span> <span class='ocrx_word' id='word_1_221' title='bbox 1309 1837 1430 1875; x_wconf 84' lang='lat' dir='ltr'>verba</span> <span class='ocrx_word' id='word_1_222' title='bbox 1474 1838 1579 1874; x_wconf 87' lang='lat' dir='ltr'>inter</span> <span class='ocrx_word' id='word_1_223' title='bbox 1622 1850 1811 1887; x_wconf 84' lang='lat' dir='ltr'>personas</span> 
     </span>
     <span class='ocr_line' id='line_1_25' title="bbox 333 1903 1810 1956; baseline -0.001 -13"><span class='ocrx_word' id='word_1_224' title='bbox 333 1906 506 1943; x_wconf 84' lang='lat' dir='ltr'>distinxi.</span> <span class='ocrx_word' id='word_1_225' title='bbox 581 1905 799 1942; x_wconf 82' lang='lat' dir='ltr'>Acidalius:</span> <span class='ocrx_word' id='word_1_226' title='bbox 852 1905 1017 1952; x_wconf 87' lang='lat' dir='ltr'>„Mirum</span> <span class='ocrx_word' id='word_1_227' title='bbox 1061 1906 1155 1955; x_wconf 89' lang='lat' dir='ltr'>quin</span> <span class='ocrx_word' id='word_1_228' title='bbox 1193 1903 1271 1930; x_wconf 87' lang='lat'>—“</span> <span class='ocrx_word' id='word_1_229' title='bbox 1315 1905 1482 1956; x_wconf 88' lang='lat' dir='ltr'>abrupta</span> <span class='ocrx_word' id='word_1_230' title='bbox 1521 1905 1714 1953; x_wconf 85' lang='lat' dir='ltr'>oratione,</span> <span class='ocrx_word' id='word_1_231' title='bbox 1754 1907 1810 1943; x_wconf 92' lang='lat' dir='ltr'>ni-</span> 
     </span>
     <span class='ocr_line' id='line_1_26' title="bbox 332 1970 1808 2023; baseline -0.001 -11"><span class='ocrx_word' id='word_1_232' title='bbox 332 1975 404 2012; x_wconf 88' lang='lat' dir='ltr'>mis</span> <span class='ocrx_word' id='word_1_233' title='bbox 434 1973 610 2012; x_wconf 85' lang='lat' dir='ltr'>obscure.</span> <span class='ocrx_word' id='word_1_234' title='bbox 671 1973 714 2010; x_wconf 82' lang='lat' dir='ltr'>R.</span> <span class='ocrx_word' id='word_1_235' title='bbox 753 1970 1007 2020; x_wconf 88' lang='lat' dir='ltr'>„Nimirum“‚</span> <span class='ocrx_word' id='word_1_236' title='bbox 1048 1973 1152 2023; x_wconf 90' lang='lat' dir='ltr'>quod</span> <span class='ocrx_word' id='word_1_237' title='bbox 1181 1988 1203 2010; x_wconf 87' lang='lat' dir='ltr'>a</span> <span class='ocrx_word' id='word_1_238' title='bbox 1233 1973 1373 2010; x_wconf 87' lang='lat' dir='ltr'>Plauto</span> <span class='ocrx_word' id='word_1_239' title='bbox 1405 1972 1607 2011; x_wconf 89' lang='lat' dir='ltr'>abiudicat</span> <span class='ocrx_word' id='word_1_240' title='bbox 1636 1973 1808 2023; x_wconf 82' lang='lat' dir='ltr'>Langen.</span> 
     </span>
     <span class='ocr_line' id='line_1_27' title="bbox 332 2038 1808 2092; baseline -0.001 -12"><span class='ocrx_word' id='word_1_241' title='bbox 332 2043 451 2080; x_wconf 84' lang='lat' dir='ltr'>Beitr.</span> <span class='ocrx_word' id='word_1_242' title='bbox 485 2057 522 2092; x_wconf 92' lang='lat' dir='ltr'>p.</span> <span class='ocrx_word' id='word_1_243' title='bbox 560 2042 649 2079; x_wconf 86' lang='lat'>135.</span> <span class='ocrx_word' id='word_1_244' title='bbox 681 2061 731 2065; x_wconf 95' lang='lat'><strong>—</strong></span> <span class='ocrx_word' id='word_1_245' title='bbox 767 2041 860 2078; x_wconf 88' lang='lat'>443.</span> <span class='ocrx_word' id='word_1_246' title='bbox 897 2042 1017 2089; x_wconf 86' lang='lat' dir='ltr'>„istac</span> <span class='ocrx_word' id='word_1_247' title='bbox 1043 2038 1216 2079; x_wconf 84' lang='lat' dir='ltr'>auorsis“</span> <span class='ocrx_word' id='word_1_248' title='bbox 1244 2040 1407 2088; x_wconf 83' lang='lat' dir='ltr'>Camer.,</span> <span class='ocrx_word' id='word_1_249' title='bbox 1443 2042 1564 2088; x_wconf 88' lang='lat' dir='ltr'>„istac</span> <span class='ocrx_word' id='word_1_250' title='bbox 1595 2043 1808 2079; x_wconf 77' lang='lat' dir='ltr'>trauorsis&#39;·</span> 
     </span>
     <span class='ocr_line' id='line_1_28' title="bbox 333 2106 1811 2159; baseline 0 -12"><span class='ocrx_word' id='word_1_251' title='bbox 333 2110 486 2157; x_wconf 86' lang='lat' dir='ltr'>Lamb.;</span> <span class='ocrx_word' id='word_1_252' title='bbox 519 2123 612 2159; x_wconf 84' lang='lat' dir='ltr'>ego:</span> <span class='ocrx_word' id='word_1_253' title='bbox 642 2107 748 2146; x_wconf 58' lang='lat' dir='ltr'>istae</span> <span class='ocrx_word' id='word_1_254' title='bbox 780 2109 823 2146; x_wconf 73' lang='lat' dir='ltr'>iu</span> <span class='ocrx_word' id='word_1_255' title='bbox 853 2106 1026 2148; x_wconf 70' lang='lat' dir='ltr'>auersis.</span> <span class='ocrx_word' id='word_1_256' title='bbox 1054 2129 1106 2134; x_wconf 88' lang='lat'>-—</span> <span class='ocrx_word' id='word_1_257' title='bbox 1133 2110 1227 2147; x_wconf 88' lang='grc'><strong>444.</strong></span> <span class='ocrx_word' id='word_1_258' title='bbox 1258 2106 1431 2156; x_wconf 78' lang='lat' dir='ltr'>Eadem,</span> <span class='ocrx_word' id='word_1_259' title='bbox 1464 2122 1498 2146; x_wconf 90' lang='lat' dir='ltr'>v.</span> <span class='ocrx_word' id='word_1_260' title='bbox 1519 2109 1567 2146; x_wconf 85' lang='lat' dir='ltr'>ad</span> <span class='ocrx_word' id='word_1_261' title='bbox 1592 2108 1726 2146; x_wconf 83' lang='lat' dir='ltr'>Bacch.</span> <span class='ocrx_word' id='word_1_262' title='bbox 1745 2110 1811 2147; x_wconf 89' lang='lat'>47.</span> 
     </span>
     <span class='ocr_line' id='line_1_29' title="bbox 332 2173 1809 2227; baseline -0.001 -12"><span class='ocrx_word' id='word_1_263' title='bbox 332 2198 385 2203; x_wconf 92' lang='lat'><strong>—</strong></span> <span class='ocrx_word' id='word_1_264' title='bbox 417 2179 510 2215; x_wconf 90' lang='lat'>446.</span> <span class='ocrx_word' id='word_1_265' title='bbox 552 2173 859 2225; x_wconf 70' lang='lat' dir='ltr'>Supplicatum,</span> <span class='ocrx_word' id='word_1_266' title='bbox 900 2181 942 2215; x_wconf 84' lang='lat' dir='ltr'>ut</span> <span class='ocrx_word' id='word_1_267' title='bbox 973 2181 1134 2227; x_wconf 86' lang='lat' dir='ltr'>propter</span> <span class='ocrx_word' id='word_1_268' title='bbox 1165 2177 1385 2215; x_wconf 88' lang='lat' dir='ltr'>libertatem</span> <span class='ocrx_word' id='word_1_269' title='bbox 1419 2177 1500 2214; x_wconf 88' lang='lat' dir='ltr'>deis</span> <span class='ocrx_word' id='word_1_270' title='bbox 1530 2177 1678 2226; x_wconf 82' lang='lat' dir='ltr'>gratias</span> <span class='ocrx_word' id='word_1_271' title='bbox 1709 2181 1809 2227; x_wconf 83' lang='lat' dir='ltr'>agat.</span> 
     </span>
    </p>

    <p class='ocr_par' dir='ltr' id='par_1_7' title="bbox 331 2245 1811 2769">
     <span class='ocr_line' id='line_1_30' title="bbox 446 2245 1810 2295; baseline 0 -12"><span class='ocrx_word' id='word_1_272' title='bbox 446 2246 538 2283; x_wconf 90' lang='lat'>448.</span> <span class='ocrx_word' id='word_1_273' title='bbox 581 2245 791 2295; x_wconf 84' lang='lat' dir='ltr'>Postquam</span> <span class='ocrx_word' id='word_1_274' title='bbox 819 2245 915 2282; x_wconf 83' lang='lat' dir='ltr'>abiit</span> <span class='ocrx_word' id='word_1_275' title='bbox 947 2246 1045 2292; x_wconf 74' lang='lat' dir='ltr'>leno,</span> <span class='ocrx_word' id='word_1_276' title='bbox 1072 2245 1231 2282; x_wconf 86' lang='lat' dir='ltr'>Toxilus</span> <span class='ocrx_word' id='word_1_277' title='bbox 1263 2258 1389 2283; x_wconf 85' lang='lat' dir='ltr'>secum</span> <span class='ocrx_word' id='word_1_278' title='bbox 1423 2245 1469 2281; x_wconf 91' lang='lat' dir='ltr'>de</span> <span class='ocrx_word' id='word_1_279' title='bbox 1501 2246 1690 2295; x_wconf 85' lang='lat' dir='ltr'>prospero</span> <span class='ocrx_word' id='word_1_280' title='bbox 1721 2259 1810 2283; x_wconf 90' lang='lat' dir='ltr'>con·</span> 
     </span>
     <span class='ocr_line' id='line_1_31' title="bbox 331 2313 1810 2363; baseline -0.001 -12"><span class='ocrx_word' id='word_1_281' title='bbox 331 2314 506 2351; x_wconf 89' lang='lat' dir='ltr'>siliorum</span> <span class='ocrx_word' id='word_1_282' title='bbox 537 2326 695 2351; x_wconf 86' lang='lat' dir='ltr'>suorum</span> <span class='ocrx_word' id='word_1_283' title='bbox 727 2318 868 2351; x_wconf 86' lang='lat' dir='ltr'>eventu</span> <span class='ocrx_word' id='word_1_284' title='bbox 899 2313 1091 2363; x_wconf 82' lang='lat' dir='ltr'>loquitur,</span> <span class='ocrx_word' id='word_1_285' title='bbox 1140 2317 1178 2350; x_wconf 87' lang='lat' dir='ltr'>et</span> <span class='ocrx_word' id='word_1_286' title='bbox 1214 2317 1259 2350; x_wconf 91' lang='lat' dir='ltr'>ut</span> <span class='ocrx_word' id='word_1_287' title='bbox 1296 2313 1468 2363; x_wconf 87' lang='lat' dir='ltr'>quidque</span> <span class='ocrx_word' id='word_1_288' title='bbox 1500 2318 1601 2349; x_wconf 80' lang='lat' dir='ltr'>recte</span> <span class='ocrx_word' id='word_1_289' title='bbox 1633 2317 1671 2350; x_wconf 84' lang='lat' dir='ltr'>et</span> <span class='ocrx_word' id='word_1_290' title='bbox 1702 2326 1810 2350; x_wconf 84' lang='lat' dir='ltr'>accu-</span> 
     </span>
     <span class='ocr_line' id='line_1_32' title="bbox 332 2380 1811 2431; baseline 0 -13"><span class='ocrx_word' id='word_1_291' title='bbox 332 2384 415 2418; x_wconf 88' lang='lat' dir='ltr'>rate</span> <span class='ocrx_word' id='word_1_292' title='bbox 447 2385 606 2431; x_wconf 86' lang='lat' dir='ltr'>agatur,</span> <span class='ocrx_word' id='word_1_293' title='bbox 654 2382 707 2418; x_wconf 88' lang='lat' dir='ltr'>ita</span> <span class='ocrx_word' id='word_1_294' title='bbox 739 2381 835 2418; x_wconf 86' lang='lat' dir='ltr'>bene</span> <span class='ocrx_word' id='word_1_295' title='bbox 874 2382 1028 2418; x_wconf 88' lang='lat' dir='ltr'>evenire</span> <span class='ocrx_word' id='word_1_296' title='bbox 1070 2380 1249 2419; x_wconf 84' lang='lat' dir='ltr'>affirmat.</span> <span class='ocrx_word' id='word_1_297' title='bbox 1325 2381 1506 2418; x_wconf 86' lang='lat' dir='ltr'>Editores</span> <span class='ocrx_word' id='word_1_298' title='bbox 1546 2380 1632 2418; x_wconf 85' lang='lat' dir='ltr'>hinc</span> <span class='ocrx_word' id='word_1_299' title='bbox 1671 2394 1811 2418; x_wconf 82' lang='lat' dir='ltr'>novam</span> 
     </span>
     <span class='ocr_line' id='line_1_33' title="bbox 333 2448 1810 2499; baseline 0 -13"><span class='ocrx_word' id='word_1_300' title='bbox 333 2462 484 2487; x_wconf 84' lang='lat' dir='ltr'>scenam</span> <span class='ocrx_word' id='word_1_301' title='bbox 531 2449 740 2499; x_wconf 87' lang='lat' dir='ltr'>incipiunt,</span> <span class='ocrx_word' id='word_1_302' title='bbox 788 2450 895 2486; x_wconf 88' lang='lat' dir='ltr'>cuius</span> <span class='ocrx_word' id='word_1_303' title='bbox 939 2450 978 2486; x_wconf 89' lang='lat' dir='ltr'>in</span> <span class='ocrx_word' id='word_1_304' title='bbox 1024 2448 1135 2486; x_wconf 84' lang='lat' dir='ltr'>codd.</span> <span class='ocrx_word' id='word_1_305' title='bbox 1177 2448 1324 2486; x_wconf 85' lang='lat' dir='ltr'>nullum</span> <span class='ocrx_word' id='word_1_306' title='bbox 1372 2449 1574 2496; x_wconf 81' lang='lat' dir='ltr'>vestigium</span> <span class='ocrx_word' id='word_1_307' title='bbox 1623 2453 1701 2496; x_wconf 86' lang='lat' dir='ltr'>est;</span> <span class='ocrx_word' id='word_1_308' title='bbox 1746 2450 1810 2498; x_wconf 89' lang='lat' dir='ltr'>qui</span> 
     </span>
     <span class='ocr_line' id='line_1_34' title="bbox 334 2515 1810 2566; baseline -0.001 -12"><span class='ocrx_word' id='word_1_309' title='bbox 334 2520 463 2554; x_wconf 89' lang='lat' dir='ltr'>autem</span> <span class='ocrx_word' id='word_1_310' title='bbox 494 2517 533 2553; x_wconf 90' lang='lat' dir='ltr'>in</span> <span class='ocrx_word' id='word_1_311' title='bbox 563 2520 671 2553; x_wconf 82' lang='lat' dir='ltr'>actus</span> <span class='ocrx_word' id='word_1_312' title='bbox 703 2516 847 2554; x_wconf 85' lang='lat' dir='ltr'>divisas</span> <span class='ocrx_word' id='word_1_313' title='bbox 878 2517 994 2554; x_wconf 87' lang='lat' dir='ltr'>fuisse</span> <span class='ocrx_word' id='word_1_314' title='bbox 1025 2517 1229 2553; x_wconf 80' lang='lat' dir='ltr'>Plautinas</span> <span class='ocrx_word' id='word_1_315' title='bbox 1261 2515 1412 2552; x_wconf 83' lang='lat' dir='ltr'>fabulas</span> <span class='ocrx_word' id='word_1_316' title='bbox 1451 2516 1633 2563; x_wconf 85' lang='lat' dir='ltr'>credunt,</span> <span class='ocrx_word' id='word_1_317' title='bbox 1679 2517 1810 2566; x_wconf 77' lang='lat' dir='ltr'>quarti</span> 
     </span>
     <span class='ocr_line' id='line_1_35' title="bbox 334 2582 1809 2634; baseline 0 -12"><span class='ocrx_word' id='word_1_318' title='bbox 334 2588 441 2622; x_wconf 82' lang='lat' dir='ltr'>actus</span> <span class='ocrx_word' id='word_1_319' title='bbox 472 2584 545 2622; x_wconf 90' lang='lat' dir='ltr'>hoc</span> <span class='ocrx_word' id='word_1_320' title='bbox 568 2586 802 2634; x_wconf 88' lang='lat' dir='ltr'>principium</span> <span class='ocrx_word' id='word_1_321' title='bbox 829 2585 987 2622; x_wconf 85' lang='lat' dir='ltr'>faciunt.</span> <span class='ocrx_word' id='word_1_322' title='bbox 1048 2584 1155 2623; x_wconf 90' lang='lat' dir='ltr'>Unus</span> <span class='ocrx_word' id='word_1_323' title='bbox 1181 2584 1362 2621; x_wconf 86' lang='lat' dir='ltr'>dissentit</span> <span class='ocrx_word' id='word_1_324' title='bbox 1386 2582 1567 2621; x_wconf 85' lang='lat' dir='ltr'>Schmitz.</span> <span class='ocrx_word' id='word_1_325' title='bbox 1587 2583 1633 2621; x_wconf 91' lang='lat' dir='ltr'>de</span> <span class='ocrx_word' id='word_1_326' title='bbox 1659 2589 1809 2622; x_wconf 86' lang='lat' dir='ltr'>actuum</span> 
     </span>
     <span class='ocr_line' id='line_1_36' title="bbox 334 2649 1810 2703; baseline 0 -14"><span class='ocrx_word' id='word_1_327' title='bbox 334 2653 372 2689; x_wconf 87' lang='lat' dir='ltr'>in</span> <span class='ocrx_word' id='word_1_328' title='bbox 418 2652 548 2690; x_wconf 86' lang='lat' dir='ltr'>Plaut.</span> <span class='ocrx_word' id='word_1_329' title='bbox 599 2651 675 2689; x_wconf 84' lang='lat' dir='ltr'>fab.</span> <span class='ocrx_word' id='word_1_330' title='bbox 723 2653 982 2702; x_wconf 78' lang='lat' dir='ltr'>descriptione</span> <span class='ocrx_word' id='word_1_331' title='bbox 1026 2666 1063 2703; x_wconf 90' lang='lat' dir='ltr'>p.</span> <span class='ocrx_word' id='word_1_332' title='bbox 1113 2653 1177 2690; x_wconf 82' lang='lat'>25.</span> <span class='ocrx_word' id='word_1_333' title='bbox 1255 2651 1488 2701; x_wconf 88' lang='lat' dir='ltr'>Spengelius</span> <span class='ocrx_word' id='word_1_334' title='bbox 1535 2649 1624 2700; x_wconf 89' lang='lat' dir='ltr'>(Die</span> <span class='ocrx_word' id='word_1_335' title='bbox 1670 2652 1810 2689; x_wconf 82' lang='lat' dir='ltr'>Acten·</span> 
     </span>
     <span class='ocr_line' id='line_1_37' title="bbox 334 2717 1811 2769; baseline 0.001 -13"><span class='ocrx_word' id='word_1_336' title='bbox 334 2720 576 2769; x_wconf 84' lang='lat' dir='ltr'>eintheilung</span> <span class='ocrx_word' id='word_1_337' title='bbox 600 2719 668 2756; x_wconf 84' lang='lat' dir='ltr'>der</span> <span class='ocrx_word' id='word_1_338' title='bbox 685 2718 916 2757; x_wconf 80' lang='lat' dir='ltr'>Comocdien</span> <span class='ocrx_word' id='word_1_339' title='bbox 940 2719 1007 2757; x_wconf 89' lang='lat' dir='ltr'>des</span> <span class='ocrx_word' id='word_1_340' title='bbox 1024 2720 1186 2757; x_wconf 82' lang='lat' dir='ltr'>Plautus</span> <span class='ocrx_word' id='word_1_341' title='bbox 1203 2733 1240 2769; x_wconf 91' lang='lat' dir='ltr'>p.</span> <span class='ocrx_word' id='word_1_342' title='bbox 1263 2717 1328 2765; x_wconf 89' lang='lat'>16)</span> <span class='ocrx_word' id='word_1_343' title='bbox 1354 2718 1552 2766; x_wconf 83' lang='lat' dir='ltr'>vulgatam</span> <span class='ocrx_word' id='word_1_344' title='bbox 1579 2721 1811 2758; x_wconf 83' lang='lat' dir='ltr'>sententiam</span> 
     </span>
    </p>
   </div>
   <div class='ocr_carea' id='block_1_7' title="bbox 1948 0 1998 2256">
    <p class='ocr_par' dir='ltr' id='par_1_8' title="bbox 1948 0 1998 2256">
     <span class='ocr_line' id='line_1_38' title="bbox 1948 0 1998 2256; baseline 0 0"><span class='ocrx_word' id='word_1_345' title='bbox 1948 0 1998 2256; x_wconf 95' lang='lat' dir='ltr'> </span> 
     </span>
    </p>
   </div>
  </div>
 </body>
</html>
