2009 3218
823 218 863 253 V.
895 219 1082 255 119-147,
1619 221 1699 261 619

211 349 412 393 convenit3
443 351 482 384 te
506 346 579 383 hoc
604 358 679 383 non
706 345 832 391 decet,
858 348 904 384 cf.
924 347 1007 384 Mil.
1029 348 1122 386 989.
1171 347 1270 386 Rud.
1295 349 1384 386 183.
1445 347 1503 385 De
1528 347 1698 385 ablativo

213 416 282 454 tuo
304 413 550 454 uestimento
574 426 609 450 v.
634 415 682 450 ad
701 416 841 463 Amph.
869 416 933 459 32,
967 415 1012 451 de
1044 415 1178 452 dativo
1201 411 1324 454 rebus
1349 417 1396 453 ad
1425 416 1507 453 Mil.
1533 416 1627 454 483.
1648 433 1697 441 —-

217 484 291 521 135
326 483 441 520 affert
464 482 614 520 Nonius
644 496 682 532 p.
711 483 789 520 499
822 480 912 528 ,‚tu“
941 496 1013 532 pro
1046 483 1114 520 tuo
1145 485 1332 521 scribens.
1361 504 1414 508 —
1450 485 1539 521 136.
1572 481 1702 521 otium

211 555 249 588 et
284 547 365 600 Qui
394 551 439 588 A.
483 569 532 575 -
578 545 825 598 „expedibffl
861 551 916 586 ait
947 550 1046 587 Non.
1079 565 1116 600 p.
1150 552 1230 588 476
1263 565 1320 601 sq.
1358 565 1452 601 „pro
1484 552 1700 602 expediam.

212 619 374 656 Plautus
406 620 444 655 in
475 618 734 656 Truculento:
781 631 851 667 ego
883 617 1087 666 expedibo.
1163 619 1254 656 Rem
1288 620 1444 668 perdidi
1483 620 1587 669 apud
1617 633 1700 657 uos.

211 687 405 724 Pacuvius
452 686 658 724 Periboea:
713 699 845 732 mane3
899 683 1229 736 expedib03'fac
1283 692 1365 724 tum
1414 688 1507 725 mihi
1553 692 1700 734 contra,

212 755 315 805 quod
347 768 464 805 rogo,
505 752 795 805 respondeas‘⁴;
840 754 888 792 cf.
921 754 969 791 ad
1000 754 1143 803 Amph.
1182 757 1298 793 1097.
1341 775 1395 780 --
1439 757 1514 793 137
1546 769 1602 805 sq.
1635 755 1703 792 Di·
1734 788 1737 791 .

210 823 392 860 niarchus
424 828 596 860 coactum
632 836 673 860 se
715 836 798 861 esse
837 823 890 859 ait
929 825 1049 860 otium
1089 836 1223 872 agere3
1267 836 1353 859 nam
1392 825 1548 873 negotia
1589 836 1702 873 agere

212 892 272 928 vel
303 893 494 941 negotiari
527 905 603 929 non
634 905 747 941 posse
778 891 855 928 nisi
888 891 955 940 qui
986 904 1067 928 rem
1098 890 1261 937 habeat3
1300 905 1340 929 se
1372 897 1501 928 autem
1534 905 1614 929 rem
1647 892 1703 928 fa-

211 960 402 997 miliarem
434 959 668 1008 profudisse.
739 959 809 997 Cui
841 959 999 996 ancilla:
1040 958 1097 998 Ut
1125 961 1390 1008 negotiatores
1422 960 1589 1009 publicis
1621 973 1704 997 vec-

212 1028 402 1076 tigalibus
434 1028 531 1064 male
565 1027 767 1065 conductis
797 1040 880 1064 rem
913 1029 1118 1074 amittunt,
1165 1028 1221 1064 ita
1261 1031 1305 1064 tu
1344 1029 1382 1064 in
1421 1032 1490 1065 tuo
1530 1029 1702 1077 negotio,

211 1096 278 1133 ubi
296 1097 451 1133 Amoris
483 1096 681 1145 publicum
715 1095 970 1142 conducebas,
1011 1109 1166 1133 necesse
1198 1099 1285 1133 erat
1313 1108 1396 1132 rem
1426 1095 1625 1144 perderes.
1653 1115 1701 1120 —

213 1162 326 1213 apud
354 1174 432 1202 uos
463 1165 496 1201 A
529 1168 567 1201 et
598 1163 696 1200 Non.
737 1183 791 1188 —
837 1164 926 1202 139.
976 1159 1152 1202 Ueneris
1181 1159 1401 1212 publicum
1430 1164 1478 1201 A.
1521 1182 1569 1188 —
1613 1165 1703 1201 140.

210 1243 336 1282 posse
367 1237 407 1270 et
437 1230 539 1282 quin
572 1229 734 1270 otiosus
764 1233 809 1269 A.
837 1252 892 1257 —
928 1233 1018 1269 141.
1050 1231 1186 1278 Immo,
1220 1233 1360 1282 inquit,
1391 1228 1478 1278 illa,
1511 1245 1588 1270 non
1620 1245 1704 1281 ego,

210 1297 420 1351 publicum
465 1297 618 1338 habuit.
700 1300 772 1337 Illa
818 1313 903 1338 cum
948 1300 1158 1350 publicano
1203 1301 1467 1349 comparanda
1513 1304 1593 1347 est,
1639 1301 1706 1350 qui

212 1383 357 1420 pascua
388 1369 545 1419 publica
578 1369 770 1415 conducit,
812 1369 851 1405 in
883 1368 1027 1418 quibus
1059 1370 1176 1406 vicini
1209 1368 1326 1406 boves
1357 1372 1396 1406 et
1425 1381 1569 1418 pecora
1599 1374 1707 1406 certo

212 1439 341 1489 pretio
386 1451 458 1488 pro
505 1437 669 1485 singulis
715 1438 910 1486 capitibus
956 1437 1082 1474 soluto
1123 1441 1298 1487 pascant.
1374 1437 1458 1474 Hoc
1502 1436 1707 1484 vectigalis

212 1520 348 1557 genus,
380 1503 473 1556 quia
497 1507 613 1544 boum
645 1509 683 1542 et
713 1518 897 1556 pecorum
929 1519 1114 1542 numerus
1148 1505 1251 1555 apud
1283 1505 1536 1555 publicanum
1561 1505 1704 1542 scribe-

212 1575 341 1621 batur,
360 1571 569 1623 scriptura
588 1573 803 1620 dicebatur,
825 1587 860 1611 v.
881 1573 986 1611 Fest.
1005 1588 1042 1624 p.
1065 1575 1155 1612 333.
1218 1574 1378 1611 Becker.
1396 1574 1486 1611 Ant.
1505 1572 1617 1610 Rom.
1635 1572 1705 1619 III,

216 1645 238 1681 2
270 1657 308 1693 p.
346 1645 436 1681 143.
498 1643 611 1690 Quod
642 1643 674 1679 si
705 1643 792 1691 quis
822 1644 861 1678 in
894 1642 1087 1680 eiusmodi
1117 1655 1211 1692 agro
1235 1655 1353 1692 pecus
1380 1646 1569 1692 pasceret,
1602 1641 1708 1691 quod

214 1712 320 1763 apud
364 1711 615 1761 publicanum
665 1724 740 1749 non
785 1712 972 1759 scriptum
1014 1698 1140 1757 esset,
1182 1710 1256 1748 hoc
1294 1710 1361 1747 ille
1400 1722 1469 1747 suo
1507 1711 1592 1747 iure
1632 1709 1708 1746 sibi

213 1793 351 1830 capere
388 1784 565 1830 poterat,
615 1795 651 1818 v.
692 1779 803 1816 Varr.
836 1778 882 1816 R.
922 1778 968 1816 R.
1008 1779 1065 1825 II,
1121 1780 1162 1826 1,
1208 1779 1277 1816 16:
1337 1777 1410 1825 „ad
1455 1777 1708 1827 publicanum

213 1848 463 1899 profitentur,
505 1861 564 1893 ne,
605 1849 636 1884 si
678 1846 909 1897 inscriptum
943 1843 986 1895 (i.
1020 1860 1053 1883 e.
1085 1859 1161 1884 non
1193 1842 1402 1896 scriptum)
1440 1859 1559 1896 pecus
1589 1859 1708 1896 pave-

213 1919 311 1963 rint,
350 1917 435 1966 lege
468 1917 644 1954 censoria
677 1913 963 1954 committant“.
1026 1916 1175 1953 Contra
1206 1916 1341 1964 legem,
1383 1916 1438 1952 ait
1462 1914 1708 1961 Diniarchus,

214 1985 473 2023 Phronesium
511 1997 630 2035 pecus
668 1997 796 2021 meum
835 1984 956 2033 cepit,
1005 1985 1115 2033 quasi
1154 1996 1231 2021 non
1269 1984 1459 2033 scriptum
1499 1987 1603 2020 esset
1642 1987 1711 2021 aut

217 2056 326 2104 quasi
351 2055 548 2103 scriptura
570 2065 645 2089 non
671 2053 800 2089 soluta
827 2056 931 2090 esset
955 2047 1020 2099 (ob
1036 2062 1169 2091 ‘meam
1185 2048 1468 2100 scripturam).
1519 2049 1709 2099 „Pecus“,

217 2124 272 2160 ait
302 2122 502 2160 Charisius
533 2121 549 2157 Ι
587 2133 625 2169 p.
663 2120 738 2157 113
785 2121 839 2165 „si
878 2122 1009 2158 neutri
1049 2122 1100 2158 sit
1139 2122 1312 2170 generiS,
1358 2121 1510 2169 pecoris
1548 2119 1711 2167 dicitur3

217 2190 378 2241 pecudis
409 2191 441 2227 si
472 2190 670 2226 feminino.
732 2189 923 2226 pecudem
956 2188 1121 2227 Plautus
1144 2189 1183 2226 in
1209 2188 1470 2226 Truculento:
1505 2187 1554 2226 ob
1586 2201 1711 2225 meam

217 2261 452 2308 scripturam
483 2258 672 2307 pecudem
705 2256 851 2306 cepit“.
927 2256 1010 2302 Quo
1035 2257 1213 2295 firmatur
1239 2257 1424 2295 Schoellii
1448 2258 1546 2294 coni.
1579 2266 1712 2294 meam

219 2340 253 2364 o.
287 2340 336 2364 m.
369 2341 398 2365 s.
422 2323 642 2375 pecudem3
682 2325 787 2363 Cam.
825 2340 871 2372 „a
903 2322 986 2361 me“
1029 2326 1254 2376 scripserat.
1289 2345 1341 2350 —
1384 2326 1474 2363 143.
1515 2320 1713 2375 Plerique

219 2395 327 2432 Cam.
362 2415 412 2419 ⁷—
442 2391 518 2433 rei.
551 2394 656 2432 Cam.
694 2396 840 2440 „reni‘'‚
873 2394 941 2430 sed
972 2394 1177 2441 genetivus
1208 2383 1379 2431 recurrit
1409 2394 1510 2431 infra
1535 2394 1628 2439 221,
1662 2394 1708 2431 cf.

219 2464 326 2501 Asin.
361 2464 440 2500 848
476 2468 696 2508 „amantem
730 2459 902 2500 uxoris“.
960 2461 1043 2498 Cas.
1077 2463 1152 2499 156
1191 2461 1337 2511 „flagiti
1368 2460 1708 2512 persequentem“.

218 2531 300 2569 Mil.
345 2532 449 2570 1044
493 2532 574 2577 „tui
614 2527 827 2580 cupienti“.
890 2529 940 2566 ib.
983 2530 1077 2567 992.
1121 2531 1238 2568 1159.
1299 2530 1388 2568 Ter.
1428 2530 1585 2568 Phorm.
1629 2530 1708 2568 623

225 2600 418 2650 „fugitans
456 2596 624 2637 litium“.
694 2598 772 2635 Cic.
805 2611 842 2648 p.
875 2597 1058 2644 Quinctio
1095 2600 1155 2644 19,
1199 2600 1270 2636 62:
1320 2600 1404 2646 „sui
1443 2598 1573 2647 negoti
1611 2598 1709 2635 bene

220 2666 400 2718 gerens“.
462 2668 560 2706 sest.
594 2668 659 2714 45,
694 2669 757 2705 97.
820 2667 949 2704 Vatin.
985 2667 1020 2713 5,
1058 2667 1119 2704 12.
1158 2685 1213 2691 -—
1255 2667 1346 2704 146.
1386 2662 1708 2713 aratiunculam3

219 2736 384 2774 obscena
414 2736 547 2774 subest
570 2736 815 2785 significatio,
848 2734 895 2773 cf.
913 2735 1022 2772 Asin.
1043 2735 1145 2774 865:
1181 2735 1367 2781 „fundum
1384 2735 1551 2772 alienum
1578 2732 1705 2773 arat“.

222 2814 370 2853 —pro
401 2801 532 2854 copia,
565 2805 612 2843 cf.
644 2805 732 2842 Aul.
769 2804 868 2850 533;
900 2817 970 2840 em.
990 2803 1094 2841 Cam.
1130 2823 1176 2828 —
1215 2804 1304 2859 147.
1330 2811 1518 2851 pascuus
1549 2802 1608 2840 ed.
1642 2815 1707 2852 pr.
