2009 3218
326 214 404 251 588
931 211 1177 245 Triuummus.

323 341 509 388 pei-ierint
541 340 631 376 folia
664 351 723 375 vv.
758 339 881 375 674—
900 341 977 377 737
1011 341 1272 386 continentia,
1313 342 1384 378 hoc
1414 343 1539 391 spatio
1571 356 1654 379 cum
1687 343 1799 380 Pala-

324 409 495 444 tinorum
522 406 693 444 codicum
721 406 896 443 versibus
920 412 1146 457 comparato
1169 408 1465 457 rationibusque
1489 414 1668 448 accurate
1698 424 1800 449 com-

323 476 470 523 putatis
501 470 627 525 (pr-aef.
659 489 696 525 p.
728 471 840 523 XIX)
880 478 1066 524 quattuor
1096 488 1232 513 versus
1263 477 1301 512 in
1332 476 1364 513 A
1395 477 1562 526 scriptos
1594 479 1634 515 in
1664 477 1801 517 ceteris

325 543 514 580 excidisse
552 542 626 579 sibi
664 542 852 590 indagare
889 542 1107 580 videbatur.
1183 543 1307 589 Quam
1345 544 1521 582 lacunam
1561 546 1616 583 sic
1655 546 1801 596 expleri

324 623 439 659 posse
471 612 624 657 statuit,
656 614 700 648 ut
730 614 822 661 post
854 612 931 648 735
965 609 1142 648 Callicles
1173 612 1410 660 perrexerit:

532 678 632 724 „Sed
664 679 763 716 illud
794 692 877 716 sum
909 680 1027 716 animi
1060 679 1245 725 incertus,
1279 679 1443 717 nuncine
1475 680 1562 717 ilico

526 746 663 783 Parari
694 747 764 784 has
796 760 817 784 a
848 760 909 783 me
939 748 1098 796 nuptias
1130 759 1294 796 aequom
1325 749 1409 793 siet,

527 814 586 852 An
618 814 918 864 expectandum,
950 814 1039 851 dum
1073 816 1154 852 eius
1185 814 1259 852 huc
1290 815 1450 852 redierit
1481 813 1628 865 pater.“
1655 826 1661 833 ·

651 882 925 930 Megaronides
957 882 1220 931 responderit:
1489 889 1493 892 “

533 950 670 996 „Mora
701 951 795 1000 quid
827 964 925 1001 opus
957 954 1015 987 est
1046 948 1209 999 quaeso‘?
1241 950 1398 999 quando
1429 951 1608 1000 equidem
1638 951 1711 988 tibi

527 1018 672 1055 Parata.
703 1017 774 1055 dos
806 1015 983 1055 domist.“

325 1086 422 1123 Mihi
461 1100 579 1136 quum
618 1086 735 1123 etiam
767 1086 843 1123 alia
875 1086 1088 1136 excogitari
1118 1087 1289 1136 possint,
1328 1086 1427 1124 illud
1459 1090 1605 1125 certum
1637 1087 1801 1135 videtur,

325 1154 592 1202 Megaronidis
623 1168 835 1192 sermonem
870 1154 917 1192 ab
950 1154 1062 1191 initio
1093 1154 1272 1190 mutilum
1305 1167 1400 1191 esse.
1432 1174 1485 1179 —
1525 1156 1617 1192 741.
1650 1151 1695 1192 ἰν,
1724 1153 1802 1193 cri-

324 1232 415 1259 men
443 1223 501 1260 ed.
520 1236 578 1272 pr.
607 1243 657 1247 —
684 1223 777 1260 745.
815 1219 1114 1268 „Incolumem“,
1148 1234 1233 1271 quae
1265 1222 1438 1270 vulgaris
1469 1222 1653 1261 adiectivi
1683 1223 1804 1261 forma

325 1294 401 1336 est,
440 1291 478 1327 in
511 1292 543 1328 A
582 1291 776 1340 expulisse
814 1290 969 1328 videtur·
1001 1291 1260 1340 antiquiorem
1293 1287 1499 1337 columem,
1532 1304 1568 1328 v.
1603 1292 1654 1329 ad
1686 1291 1800 1329 Most.

326 1360 419 1396 750.
461 1378 508 1384 -
552 1356 720 1396 (Ζεύνααεε
750 1359 796 1396 A.
842 1378 888 1383 --
935 1359 1014 1396 748
1047 1372 1093 1396 ex
1124 1360 1156 1396 A
1188 1361 1368 1405 accessit,
1407 1359 1473 1396 ubi
1505 1358 1610 1408 quod
1641 1359 1687 1396 R.
1719 1372 1803 1397 cum

328 1426 498 1476 Hauptio
535 1426 693 1476 „a‘tqui“
730 1428 898 1477 scripsit,
930 1440 1007 1464 non
1040 1431 1096 1463 est
1129 1427 1401 1473 necessarium,
1432 1440 1467 1463 v,
1501 1427 1599 1464 infra
1632 1428 1724 1465 910.
1757 1427 1803 1464 ad

326 1494 467 1532 Pseud.
505 1496 622 1533 1026.
654 1515 709 1520 —
751 1496 842 1533 749.
875 1491 999 1542 Nam,
1035 1495 1080 1531 cf.
1116 1495 1208 1531 732.
1241 1513 1296 1518 —
1336 1493 1413 1532 750
1456 1499 1591 1532 contra
1630 1494 1804 1533 codicum

324 1564 589 1600 testimonium
624 1563 710 1601 edd.
743 1563 989 1612 Megaronidi
1022 1563 1265 1609 tribuerunt,
1306 1563 1408 1600 unde
1439 1566 1539 1600 natae
1571 1563 1804 1601 mutationes

324 1633 589 1680 proximorum
631 1645 810 1668 versuum
859 1628 1073 1679 (,‚Adeas“‚
1117 1628 1354 1677 ',‚edoceas“‚
1406 1630 1527 1677 ‚,Sed“
1577 1628 1803 1680 sublatum).

326 1699 555 1748 Spengelius
601 1700 754 1736 demum
802 1703 908 1736 recte
948 1712 1148 1736 sermones
1195 1699 1403 1737 ordinavit..
1453 1719 1507 1723 —
1554 1700 1645 1736 754.
1692 1699 1735 1736 In
1774 1699 1804 1736 Β
1838 1686 1847 1698 “’

325 1780 456 1803 errore
489 1775 516 1803 Z
544 1781 616 1817 pro
647 1775 678 1804 A
709 1769 969 1816 praemissum3
1003 1767 1173 1804 Calliclis
1203 1780 1340 1805 nomen
1374 1767 1524 1804 eddidit
1550 1766 1731 1816 Spengel.
1750 1786 1804 1792 —

327 1837 420 1872 757.
453 1832 622 1885 indayet
646 1835 749 1873 Cam.
785 1856 835 1860 »-
871 1837 962 1872 758.
997 1845 1090 1884 eryo
1120 1832 1262 1883 mitur,
1295 1836 1341 1873 cf.
1361 1835 1477 1873 Most.
1500 1836 1592 1873 832.
1625 1853 1678 1859 —-
1711 1835 1800 1872 759.

324 1900 387 1940 rei
419 1903 504 1940 add.
539 1903 642 1941 Cam.
676 1924 729 1929 —
764 1905 854 1942 762.
901 1899 1080 1949 Gen-rae,
1123 1904 1168 1941 cf.
1204 1903 1251 1940 ad
1281 1904 1388 1941 Asin.
1425 1905 1515 1941 593.
1549 1922 1602 1927 —
1636 1903 1726 1941 764.
1758 1902 1804 1940 ut

327 1969 399 2008 (les
432 1973 475 2009 A.
541 1970 720 2018 „dicanff‘
767 1979 806 2009 et
851 1970 989 2018 ,‚dent“
1026 1972 1092 2018 R.;
1139 1972 1237 2009 illud
1277 1972 1340 2009 ΒΓ,
1375 1971 1581 2009 defendere
1623 1974 1804 2018 conatur;

327 2053 397 2088 ego
429 2053 581 2077 versum
622 2042 668 2078 ab
708 2041 778 2078 hoc
817 2040 974 2090 quidem
1013 2041 1095 2077 loco
1134 2040 1409 2077 alienissimum
1443 2040 1593 2077 seclusi.
1627 2060 1677 2064 -——
1713 2039 1801 2076 767.

328 2108 526 2156 ‘letaldum
550 2108 696 2157 potest,
730 2122 843 2158 quam
878 2110 1075 2153 citissime,
1109 2123 1142 2144 v.
1169 2108 1217 2145 ad
1244 2108 1384 2158 Amph.
1416 2109 1505 2145 964.
1545 2127 1586 2132 —
1627 2107 1803 2144 Proxima

327 2178 363 2212 in
398 2176 508 2214 codd.
544 2177 653 2213 malis
686 2176 961 2213 additamentis
986 2176 1143 2213 turbata
1169 2180 1271 2213 sunt.
1335 2176 1426 2222 Quae
1455 2189 1570 2225 quum
1599 2175 1640 2212 R.
1660 2175 1802 2224 aliique

327 2246 576 2294 transpositis
608 2245 785 2282 versibus
817 2259 954 2282 sanare
985 2248 1112 2282 conati
1145 2246 1234 2289 sint,
1268 2244 1360 2281 mihi
1393 2244 1547 2293 quidem
1580 2243 1661 2280 sola
1685 2243 1804 2280 litura

327 2326 424 2362 opus
463 2326 545 2350 esse
587 2314 743 2351 videtur
779 2317 823 2351 ut
863 2317 953 2362 post
995 2314 1086 2350 789.
1163 2314 1217 2349 Ac
1257 2312 1303 2348 de
1342 2325 1387 2349 eo
1427 2325 1558 2357 versu,
1605 2311 1741 2360 quiin
1772 2310 1803 2346 A

329 2384 418 2418 ante
459 2383 534 2418 771
577 2381 753 2427 additur,
801 2383 912 2430 pauci
960 2381 1218 2426 dubitabunt,
1266 2393 1336 2416 nec
1382 2381 1584 2429 quisquam
1631 2381 1801 2428 ineptum

328 2449 423 2486 illud
475 2449 591 2498 „quid
633 2451 661 2485 is
700 2451 771 2486 scit
812 2446 962 2486 facere“
1006 2449 1215 2486 defendere
1246 2450 1411 2498 poterin
1460 2461 1494 2484 V.
1536 2448 1610 2484 771
1654 2459 1724 2496 per
1764 2457 1803 2482 se

331 2517 423 2554 nihil
455 2517 575 2554 habet
605 2519 708 2566 quod
741 2517 923 2563 offendat,
964 2518 1029 2554 sed
1063 2517 1271 2554 accusativi
1303 2518 1395 2553 ferri
1429 2529 1503 2552 non
1537 2513 1702 2565 pessunt
1732 2514 1802 2550 uisi

329 2585 519 2623 excidisse
551 2585 697 2634 aliquid
729 2590 889 2622 statuas.
959 2585 1189 2635 Spengelius
1230 2587 1348 2634 igitur
1389 2583 1531 2620 edidit:
1584 2581 1800 2629 „Mendaci-

328 2654 453 2691 locum
493 2654 658 2702 aliquem
699 2649 774 2703 [est
812 2667 906 2691 usus
944 2654 1134 2690 hominem
1174 2647 1374 2701 callidum]
1418 2651 1651 2689 Falsidicum
1691 2647 1803 2687 confi-

329 2720 509 2759 dentem⁴⁶
545 2725 583 2758 et
628 2726 821 2758 structum
869 2721 1075 2758 admodum
1117 2721 1236 2757 dubia
1275 2725 1314 2757 et
1351 2720 1628 2757 sententiarum
1669 2723 1801 2755 tenore

333 2791 429 2827 male
469 2791 697 2828 cohaerente.
741 2804 789 2813 -*
831 2790 921 2826 769.
968 2786 1181 2837 yraphice,
1229 2788 1274 2825 cf.
1316 2788 1362 2824 ad
1394 2787 1506 2836 Epid.
1540 2789 1630 2825 410.
1671 2806 1721 2811 -
1759 2783 1802 2822 in
1871 2831 1874 2834 Δ
