2009 3218
837 212 878 245 V.
904 214 1094 247 841-872.
1632 217 1711 254 657

224 341 327 378 nime
358 342 459 378 fecit.
493 360 547 366 —
587 342 680 402 850.
719 337 775 378 ad
804 340 841 377 te
870 341 1003 382 Acid..
1044 342 1090 378 cs.
1124 341 1231 378 Trin.
1265 343 1358 379 630.
1394 361 1446 366 —
1479 343 1572 379 851.
1604 352 1714 379 nunc

225 408 286 446 ed.
318 422 377 458 pr.
409 428 463 434 —
496 409 589 446 852.
622 405 708 454 uis,
751 408 896 453 „uelis”
933 409 1104 455 Camer.‚
1146 409 1214 446 sed
1245 423 1280 447 v.
1314 409 1363 446 ad
1397 409 1500 448 Pers.
1535 411 1628 448 513.
1661 429 1714 435 —

228 478 320 514 853.
366 473 455 514 Nec
494 486 558 513 me
593 473 661 514 uis
700 485 774 514 nec
812 478 987 513 restituit
1018 477 1151 514 Muell.
1185 476 1293 515 Pros.
1326 491 1364 528 p.
1399 479 1490 516 217.
1528 497 1577 503 -—
1620 479 1713 516 856.

232 541 427 583 Calliclai
446 541 581 593 filiam
605 544 852 582 scribendum
878 558 962 582 esse
987 545 1086 582 vidit
1102 546 1313 594 Kiessling.
1339 547 1440 584 Ann.
1458 546 1554 596 phil.
1574 547 1716 585 XCVII

226 627 263 663 p.
297 615 390 651 640.
467 613 541 660 Qui
583 614 688 663 quod
719 614 890 664 priorem
930 616 1081 662 partem
1123 615 1310 652 excidisse
1354 617 1522 665 proximi
1568 629 1714 661 versus,

225 683 336 719 cuius
369 682 496 719 exitus
526 683 598 720 sit:
636 682 753 727 „noui
786 682 959 719 animum
990 679 1141 720 tuum“.
1175 685 1318 728 censet,
1361 682 1454 720 mihi
1486 683 1585 720 nihil
1616 684 1716 721 desi-

227 751 358 788 derari
389 751 559 798 videtur,
598 749 713 787 modo
743 763 778 786 v.
813 750 893 786 857
923 749 971 787 ut
999 762 1073 800 pro
1110 747 1209 795 „Et“
1244 751 1452 800 scribatur,
1494 755 1534 789 et
1562 748 1716 797 relicta,

228 818 332 868 quod
365 818 478 856 codd.
511 818 804 865 commendant3
846 832 933 856 nam
966 814 1168 856 Animum
1199 818 1314 856 tuum
1351 823 1449 868 puto
1480 819 1716 858 Schoellium

230 891 335 923 recte
375 887 421 923 de
461 886 676 924 Phronesio
719 888 803 936 ipsa
841 887 1100 932 intellexisse,
1147 899 1262 936 quam
1309 889 1363 925 ita
1408 889 1610 938 appellare
1651 889 1718 926 Di-

231 955 411 992 niarchus
452 956 590 992 solitus
622 957 692 1001 sit,
739 960 783 992 ut
815 956 891 994 871
941 957 1119 1002 „oculum
1150 953 1305 993 suum“.
1347 957 1393 993 cf.
1445 958 1522 1003 „mi
1563 956 1714 995 anime“

229 1025 338 1062 Asin.
374 1025 466 1062 657.
528 1023 640 1060 Curc.
678 1025 767 1060 165.
830 1024 930 1062 Rud.
970 1025 1087 1063 1252.
1147 1024 1235 1061 Ter.
1275 1024 1374 1062 Eun.
1409 1026 1480 1071 95,
1532 1028 1606 1072 „mi
1639 1028 1719 1064 ani-

231 1089 357 1130 mule“
401 1092 485 1130 Cas.
524 1093 613 1130 134.
669 1092 771 1129 Men.
807 1093 898 1131 355.
940 1112 994 1118 ——
1034 1092 1170 1130 tamen
1215 1093 1274 1130 ed.
1318 1107 1377 1143 pr.
1423 1113 1477 1118 —
1523 1095 1604 1133 858
1635 1109 1720 1145 sqq.

231 1161 487 1198 Phronesium
521 1160 732 1198 Diniarcho
764 1160 915 1206 suadet,
955 1166 1000 1197 ut
1032 1162 1152 1198 muris
1183 1161 1402 1211 exemplum
1433 1162 1619 1210 imitetur,
1653 1163 1720 1212 qui

230 1242 308 1267 uno
340 1229 506 1267 latibulo
537 1230 619 1266 sive
651 1229 770 1267 cubili
801 1241 877 1266 non
910 1233 1114 1266 contentus
1145 1229 1259 1279 plura
1296 1229 1372 1266 sibi
1409 1234 1542 1279 paret,
1581 1243 1648 1276 ne,
1689 1232 1720 1267 si

230 1299 347 1336 unius
379 1300 523 1336 ostium
556 1298 803 1335 obstructum
834 1298 895 1342 sit,
928 1297 1107 1346 perfugio
1139 1300 1290 1344 careat;
1321 1299 1377 1335 sic
1408 1301 1619 1335 amatorem
1643 1313 1721 1336 non

232 1367 315 1404 sola
346 1379 467 1404 uxore
499 1370 725 1403 contentum
759 1379 842 1402 esse
874 1365 1027 1402 debere.
1098 1366 1176 1404 859
1208 1370 1300 1415 post
1330 1366 1390 1404 ed.
1422 1379 1482 1416 pr.
1515 1380 1588 1404 em.
1620 1367 1721 1404 Bue-

232 1435 374 1472 cheler.
423 1435 515 1473 860.
553 1429 663 1482 Quin
695 1435 845 1471 invenit
877 1434 1055 1481 Bothius,
1088 1434 1136 1473 cf.
1159 1435 1249 1480 140,
1282 1431 1438 1472 ostium
1461 1435 1721 1483 Camerarius,

233 1498 467 1540 obsideatur
497 1503 555 1541 ed.
587 1515 648 1552 pr.
716 1502 835 1551 paret
866 1503 1043 1540 Mueller.
1076 1522 1130 1527 —
1171 1503 1264 1540 861.
1309 1498 1452 1541 Otium
1483 1503 1542 1541 ed.
1575 1517 1636 1554 pr.
1669 1524 1724 1529 —

233 1572 324 1609 862.
358 1567 434 1609 hos
465 1568 554 1610 dies
585 1567 762 1623 aliquos,
795 1585 830 1608 v.
863 1572 911 1608 ad
945 1571 1045 1608 Men.
1080 1572 1173 1609 931.
1208 1591 1256 1596 —
1293 1572 1386 1609 863.
1417 1567 1577 1610 Amabo
1608 1572 1722 1610 Both.

232 1649 277 1677 eo
302 1639 390 1677 add.
409 1639 474 1689 Sp.
529 1641 652 1689 opust
675 1639 781 1677 Cam.
843 1637 895 1678 In
919 1649 1007 1677 rem
1029 1640 1206 1677 meamst
1230 1639 1343 1677 Both.
1369 1659 1423 1665 —
1456 1641 1548 1678 864.
1584 1637 1723 1691 aliquo

232 1705 574 1754 σίναινηᾱησὶΐαν,
622 1723 657 1747 v.
691 1709 738 1746 ad
770 1710 879 1747 Asin.
921 1710 987 1746 96.
1026 1728 1079 1734 —
1120 1709 1212 1745 865.
1252 1704 1394 1746 Meam
1430 1719 1516 1745 rem
1552 1706 1592 1746 si
1622 1706 1726 1759 quid

231 1772 306 1815 Ῐιαθ
334 1787 380 1814 ‘re
410 1772 563 1826 (luqebo
595 1778 812 1815 emendavi.
848 1797 899 1803 —
941 1778 1033 1815 866.
1078 1772 1220 1822 aufers
1252 1776 1365 1814 Both.
1430 1775 1562 1823 „tum“
1597 1777 1724 1814 delevi

232 1858 319 1882 cum
352 1845 556 1883 Muellero.
620 1844 801 1884 animam
833 1847 892 1884 ed.
925 1859 984 1895 pr.
1017 1865 1070 1869 —
1104 1846 1197 1883 887.
1231 1840 1405 1882 Factum
1436 1841 1569 1893 cupio,
1602 1846 1650 1883 cf.
1676 1846 1725 1883 ad

233 1913 339 1951 Pers.
375 1915 467 1952 310.
509 1935 562 1940 —
603 1911 724 1953 aliter
760 1911 896 1962 facere
926 1914 1074 1965 Gepp.;
1121 1912 1207 1950 Scb.
1241 1926 1327 1950 cum
1360 1913 1600 1961 Kiesslingio
1636 1928 1724 1961 „ne-

232 1981 400 2027 facere“‚
448 1984 513 2033 qui
553 1976 657 2032 quod
689 1983 826 2021 Pseud.
861 1984 941 2020 437
981 1982 1174 2029 allegant,
1219 1981 1316 2019 nihil
1356 1985 1498 2031 agunt,
1546 1995 1634 2019 nam
1672 1982 1725 2019 ibi

238 2064 309 2095 „ne
341 2049 512 2088 faceres“
549 2053 760 2101 separatim
793 2051 1050 2089 scribendum.
1088 2069 1133 2074 -·
1169 2050 1262 2087 868.
1305 2059 1384 2098 quo
1415 2059 1531 2088 Cures
1562 2051 1726 2100 scripsi3

235 2120 274 2156 in
305 2120 466 2157 eandem
507 2121 740 2158 sententiam
774 2120 906 2157 Herm.
944 2119 1069 2164 „unde
1108 2120 1143 2155 ei
1181 2116 1332 2163 cures“,
1373 2118 1461 2156 Sch.
1498 2131 1594 2168 „pro
1634 2132 1727 2156 cura

235 2186 338 2224 aes“.
372 2208 423 2213 —
458 2189 550 2226 869.
583 2198 676 2226 amo
705 2188 833 2232 Both„
865 2201 900 2225 v.
933 2188 981 2224 ad
1013 2187 1132 2224 Poen.
1167 2188 1260 2233 250,
1293 2186 1380 2224 Ter.
1414 2186 1512 2224 Eun.
1551 2188 1642 2224 186.
1675 2206 1727 2212 -—

236 2256 395 2293 ecastor
410 2256 524 2294 Both.
552 2277 606 2282 —
630 2258 722 2295 870.
755 2252 1072 2295 manubinam‘as-
1097 2255 1191 2305 quid
1217 2256 1348 2301 fuerit,
1373 2256 1526 2303 ignoro.
1584 2255 1728 2293 Sensus

236 2326 419 2374 requirit:
471 2324 544 2372 „ad
583 2327 778 2374 tempus“.
869 2324 974 2361 Cam.
1021 2320 1336 2370 ‚,manubiarius“
1377 2324 1554 2372 scripsit,
1601 2322 1727 2372 Gepp.

240 2392 588 2442 .,manipularius‘'‚
622 2393 708 2430 Sch.
744 2391 1055 2440 „consiliarius“.
1098 2411 1142 2416 -—
1189 2383 1266 2429 871
1300 2404 1373 2429 em.
1400 2390 1507 2428 Cam.
1542 2411 1591 2416 —
1635 2392 1729 2428 872.

236 2457 418 2507 interim,
450 2461 540 2498 dum
575 2474 733 2497 uxorem
766 2459 902 2496 habeo.
952 2455 1338 2497 commemorabitur
1354 2459 1459 2497 Cam.
1485 2454 1730 2505 —futatim

238 2529 310 2566 hoc
346 2541 423 2566 uno
462 2529 546 2566 loco
586 2532 726 2566 exstat.
800 2527 907 2565 Festi
939 2527 1044 2577 Epit.
1077 2540 1115 2577 p.
1150 2529 1223 2566 89:
1274 2527 1428 2575 „futare
1460 2540 1626 2575 arguere
1656 2530 1730 2574 est,

237 2596 339 2635 unde
378 2602 418 2633 et
448 2596 690 2634 confutare“.
767 2597 922 2633 Addere
965 2600 1123 2645 poterat
1165 2599 1229 2642 „et
1268 2593 1488 2643 refutare“;
1535 2595 1602 2632 sed
1643 2607 1730 2644 quae

239 2665 349 2702 addit
385 2664 572 2702 Catonem
612 2664 685 2701 hoc
722 2677 794 2713 pro
837 2666 1003 2713 „saepius
1042 2661 1187 2701 suisse“
1228 2665 1424 2714 posuisse,
1472 2667 1511 2700 et
1548 2663 1732 2700 Placidus

237 2746 275 2782 p.
308 2734 380 2770 45:
432 2732 654 2777 „futauere‚
703 2730 834 2768 fuere“
879 2745 1041 2782 prorsus
1080 2731 1310 2770 incredibile
1349 2735 1420 2768 est.
1496 2731 1640 2768 Verum
1671 2733 1730 2768 in·

237 2801 389 2838 venisse
436 2801 591 2838 videtur
638 2800 812 2849 Lipsius:
873 2797 1101 2845 „furatim“,
1142 2801 1321 2849 quamvis
1360 2799 1441 2836 haee
1484 2799 1611 2834 forma
1655 2811 1732 2835 non

353 2873 391 2899 v.
1418 2873 1463 2907 42
