2009 3218
112 256 174 299 lv,
199 259 229 299 4,
255 259 396 292 84·—93
801 256 919 291 Peren.
1546 263 1597 300 52)

770 382 932 435 Ue'ryo

109 453 226 504 Quae
258 454 359 496 mihi
392 455 449 496 sit
478 455 558 496 nisi
591 454 711 505 haec,
743 454 816 495 ubi
848 468 961 496 nunc
994 457 1118 496 sum?

713 568 983 636 Dor-daie&

801 640 856 681 At
887 653 965 693 ego
996 638 1114 681 illam
1147 654 1321 694 quaero,
1355 656 1468 695 quae
1501 642 1593 685 fuit.

769 754 926 806 Uiryo

105 826 238 870 Omne
270 840 347 880 ego
380 840 457 880 pro
488 825 620 868 nihilo
653 840 750 868 esse
782 825 904 875 duco,
937 826 1051 879 quod
1084 825 1177 877 fuit,
1209 827 1384 879 quando
1418 828 1509 879 fuit,

103 898 338 953 Tamquam
380 899 615 950 hominem3
663 897 836 952 quando
883 898 1069 940 animam
1116 896 1311 948 efflauit,
1359 900 1590 954 quidemn

1049 983 1248 1024 quaeras,
1284 972 1358 1025 qui
1390 971 1502 1014 suit?
1528 985 1594 1018 635

736 1074 952 1115 Tooeeflus

104 1145 170 1187 Ita
201 1159 266 1187 me
299 1146 340 1187 di
373 1145 479 1187 bene
510 1151 674 1196 ament,
715 1146 944 1200 sapienter.
1006 1145 1147 1200 Atque
1187 1146 1386 1199 equidem
1419 1148 1594 1191 miseret

1046 1222 1204 1260 tamen.

706 1320 981 1363 Dordalus

101 1391 183 1434 Sed
216 1397 381 1442 tamen,
413 1393 554 1446 uirgo,
594 1407 705 1447 quae
737 1393 881 1447 patria
911 1398 978 1435 est
1009 1397 1105 1444 tua,
1147 1406 1226 1446 age
1258 1393 1362 1435 mihi
1394 1397 1590 1436 actutum

1043 1465 1210 1519 expedi

103 1535 214 1586 Quid
245 1540 364 1578 taces
396 1537 612 1590 patriam?

767 1629 927 1684 Uiryo

367 1702 546 1752 Quando
578 1702 752 1757 quidem
784 1703 854 1745 hic
885 1703 1040 1754 sermo,
1071 1703 1177 1746 haec
1209 1705 1352 1759 patria
1383 1709 1449 1747 est
1481 1720 1586 1748 mea.

735 1805 953 1847 Toxilus

98 1875 288 1919 Tandem
320 1877 431 1918 istuc
461 1890 614 1931 rogare
646 1878 807 1919 omitte.
868 1876 964 1920 Non
997 1878 1132 1930 uides,
1164 1879 1278 1921 nolle
1310 1879 1463 1934 eloqui,

97 1947 160 1991 Ne
192 1962 365 1990 suarum
400 1962 444 1990 se
476 1949 746 1991 miseriarum
777 1950 820 1991 in
853 1950 1105 1992 memoriam
1135 1950 1344 1993 inducas?

708 2051 977 2094 Dordalus

1254 2127 1366 2177 Quid
1399 2127 1493 2169 est?
1519 2139 1587 2173 640

96 2193 314 2246 Captusne
346 2200 412 2236 est
443 2196 595 2247 pater?

759 2289 919 2344 [Jiryo

593 2362 687 2404 Non
720 2367 892 2416 captus3
925 2363 1001 2405 sed
1033 2364 1150 2419 quod
1181 2364 1349 2418 habuit,
1380 2366 1581 2420 perdidit.

719 2465 943 2507 Toxilus
1196 2515 1199 2519 ¹

93 2533 210 2575 Haec
241 2536 322 2576 erit
352 2534 465 2577 bono
496 2550 652 2590 genere
684 2541 807 2589 nata3
840 2537 948 2580 nihil
979 2539 1063 2580 scit
1095 2539 1178 2581 nisi
1208 2554 1359 2581 uerum
1392 2540 1523 2594 loqui.

202 2716 268 2749 633
296 2715 358 2750 illa
383 2715 418 2750 B
511 2718 577 2751 634
604 2717 716 2751 ducto
742 2717 810 2752 BC
898 2720 960 2753 135
985 2724 1022 2754 et
1046 2720 1151 2755 fluuit
1175 2721 1242 2757 BC
1330 2723 1397 2757 638
1422 2724 1577 2767 patriam

91 2779 145 2805 om
173 2771 215 2814 A,
242 2771 335 2806 Dico
361 2773 531 2817 equidem
559 2775 715 2818 patriam
740 2773 808 2809 BC
932 2777 1033 2811 senio
1058 2777 1093 2812 B
1219 2778 1284 2813 has
1408 2780 1475 2813 639
1502 2780 1577 2813 Iam

90 2825 133 2860 de
159 2827 250 2861 istoc
343 2829 442 2873 loqui
537 2831 604 2864 640
629 2832 778 2865 mei-iani
806 2831 842 2866 Β
933 2835 995 2867 641
1025 2833 1154 2869 habuit
1178 2835 1213 2869 id
