2009 3218
355 217 431 256 126
1031 215 1155 250 Plauti
1551 215 1621 260 111,
1645 218 1676 260 3,
1706 219 1832 253 12-.-21

349 338 433 379 Par
464 338 609 380 moriri
643 342 708 380 est
737 353 877 393 neque
909 343 977 380 est
1006 339 1158 381 melius
1190 344 1325 381 morte
1355 340 1400 381 in
1430 340 1556 382 malis

351 410 496 451 Rebus
528 411 706 451 miseris.

949 481 1238 524 Trachalio

746 552 858 602 Quid
891 554 985 595 est?
1017 568 1126 608 quae
1156 554 1283 596 illaec
1313 556 1452 596 oratio
1484 556 1578 598 est?
1767 568 1834 603 665

350 624 480 666 Cesso
513 637 592 678 ego
624 624 702 666 has
735 625 982 666 consolari?
1042 626 1170 674 Heus,
1205 626 1445 668 Palaestra.

954 715 1019 757 Pa
1030 716 1044 757 l
1055 730 1079 757 a
1090 731 1108 756 e
1119 730 1139 757 s
1152 721 1196 757 tr
1207 730 1230 758 a

1366 787 1447 838 Qui
1480 790 1639 832 uocat?

952 871 1229 913 Trachalio

1577 945 1831 999 Ampelisca.
1942 981 1973 1004 r·

945 1015 1237 1066 Ampelisca

348 1085 550 1137 Obsecro,
583 1087 677 1139 quis
710 1090 774 1128 est
805 1087 880 1140 qui
913 1091 1069 1128 uocat?

948 1181 1230 1224 Palaestra

1141 1254 1246 1305 Quis
1276 1254 1314 1296 is
1346 1258 1414 1296 est
1444 1255 1518 1308 qui
1549 1255 1778 1298 nominat?

957 1356 997 1397 T
1004 1371 1025 1397 r
1034 1370 1057 1398 a
1067 1356 1157 1398 cha
1169 1357 1236 1398 lio

619 1427 662 1470 Si
691 1428 899 1482 respexis,
933 1429 1053 1470 scies.

947 1523 1228 1566 Palaestra

346 1592 380 1634 Ο
414 1593 567 1635 salutis
600 1608 720 1636 meae
751 1609 863 1649 spes.

953 1690 1230 1733 Trachalio

914 1762 1028 1804 Tace
1059 1776 1109 1804 ac
1140 1763 1252 1806 bono
1285 1764 1430 1806 animo
1462 1777 1525 1816 es;

344 1831 412 1872 Me
444 1831 555 1874 uide.

947 1921 1235 1964 Palaestra

643 1992 686 2034 Si
718 1992 843 2035 modo
875 1994 918 2035 id
950 1994 1090 2045 liceat,
1124 1996 1190 2036 uis
1221 2010 1273 2037 ne
1306 1995 1532 2050 opprimat,
1764 1996 1833 2040 670

345 2062 463 2112 Quae
495 2064 559 2105 uis
590 2064 678 2106 uim
710 2064 812 2106 mihi
845 2065 1040 2107 adferam
1071 2067 1167 2120 ipsa
1197 2067 1347 2121 adigit.

951 2168 1226 2211 Trachalio

1141 2241 1205 2282 Ah
1237 2240 1403 2292 desine3
1433 2241 1561 2283 nimis
1591 2241 1740 2295 inepta
1768 2254 1828 2284 es.
1900 2263 1907 2279 2

946 2335 1226 2378 Palaestra

346 2405 514 2448 Desiste
547 2405 674 2448 dictis
705 2420 818 2448 nunc
848 2407 935 2448 iam
966 2409 1167 2450 miseram
1202 2422 1266 2450 me
1298 2407 1524 2450 consolari.

939 2510 1239 2562 Ampelisca

344 2579 436 2622 Nisi
468 2579 573 2634 quid
603 2594 650 2622 re
675 2581 863 2634 praesidi
891 2581 1090 2636 adparas,
1123 2581 1367 2632 Trachalio,
1400 2586 1498 2624 acta
1523 2581 1633 2624 haec
1657 2595 1725 2624 res
1750 2585 1828 2625 est.

456 2739 523 2773 664
548 2738 635 2773 Pars
656 2743 717 2773 ‘est
743 2739 870 2772 moriri
999 2741 1065 2774 665
1091 2741 1268 2775 meiseriis
1294 2739 1340 2784 B,
1364 2741 1455 2775 meis
1481 2740 1585 2775 seriis
1612 2740 1641 2775 O
1761 2735 1827 2776 666

343 2795 528 2830 consulari
615 2796 682 2829 668
706 2806 878 2840 respexos
965 2797 1031 2830 672
1057 2797 1178 2831 dictus
1262 2797 1445 2831 consulari
1527 2798 1593 2831 673
1617 2797 1826 2842 praesidium
