2009 3218
424 1011 663 1055 TOXILUS
724 1011 1080 1058 SAGARISTIO,
1116 1011 1284 1054 SERUI
1320 1012 1446 1055 DUO.

827 1145 1047 1197 Toxilus

195 1228 274 1279 Qui
305 1242 453 1270 amans
485 1243 614 1282 egens
645 1229 864 1281 ingressus
896 1232 961 1270 est
992 1229 1190 1282 princeps
1222 1230 1379 1270 amoris
1412 1230 1455 1270 iu
1486 1230 1593 1279 uias,

195 1300 427 1355 Superauit
459 1300 674 1342 aerumnis
705 1301 793 1342 suis
825 1314 1054 1342 aerumnas
1085 1301 1223 1341 omnis
1256 1300 1443 1342 Herculi.

195 1374 302 1415 Nam
320 1386 414 1414 cum
431 1373 552 1414 leone
571 1377 614 1414 et
631 1385 726 1413 cum
745 1376 929 1420 excetra,
955 1385 1049 1414 cum
1068 1385 1209 1422 cerno,
1234 1386 1330 1413 cum
1349 1386 1454 1426 apro
1474 1372 1680 1422 Aetolico,

194 1444 298 1486 Cum
329 1444 484 1486 auibus
516 1444 832 1498 Stymphalicis,
866 1457 961 1485 cum
993 1445 1160 1485 Antaeo
1193 1444 1403 1485 deluctari
1439 1444 1636 1486 mauelim

195 1516 330 1567 Quam
377 1530 469 1558 cum
517 1531 683 1568 amore;
736 1517 797 1558 ita
841 1514 867 1567 †
910 1516 966 1557 fio
1013 1517 1142 1557 miser
1193 1516 1446 1569 quaerundo
1503 1521 1682 1568 argento

1140 1592 1310 1639 mutu0;
1664 1599 1684 1632 5

195 1660 283 1702 Nec
314 1660 548 1714 quidquam
580 1661 661 1701 nisi
691 1659 810 1711 „Non
836 1661 924 1702 est“
957 1661 1097 1701 sciunt
1129 1659 1231 1701 mihi
1262 1659 1541 1714 respondere,
1575 1673 1683 1714 quos

1142 1746 1260 1786 rogo.

791 1841 1086 1896 Sagaristio

195 1912 276 1963 Qui
309 1926 381 1954 ero
414 1927 489 1954 suo
524 1914 685 1954 seruire
716 1914 808 1955 uolt
839 1914 947 1956 bene
979 1928 1129 1957 seruos
1161 1916 1430 1964 seruitutem,

197 1984 258 2025 Ne
291 1983 411 2025 illum
444 1985 593 2038 edepol
629 1985 765 2027 multa
795 1987 835 2027 in
871 1992 1042 2040 pectore
1075 2001 1152 2028 suo
1185 1987 1410 2028 conlocare
1444 1992 1630 2041 oportet,

196 2054 314 2105 Quae
346 2070 418 2098 ero
452 2057 622 2110 placere
655 2062 829 2099 censeat
860 2059 1079 2111 praesenti
1111 2063 1240 2113 atque
1271 2059 1439 2101 absenti
1476 2073 1567 2100 suo.

195 2126 286 2181 Ego
327 2142 465 2182 neque
505 2128 704 2170 lubenter
744 2131 884 2171 seruio
926 2144 1066 2184 neque
1109 2131 1214 2173 satis
1254 2145 1346 2172 sum
1387 2145 1458 2172 ero
1500 2145 1550 2172 ex
1591 2145 1686 2172 sen-

1141 2203 1299 2255 tentia3
1645 2215 1687 2248 10

197 2271 280 2313 Sed
313 2273 436 2325 quasi
468 2272 585 2327 lippo
615 2273 741 2315 oculo
766 2288 831 2316 me
858 2288 955 2316 erus
980 2287 1099 2315 meus
1127 2288 1300 2316 manum
1328 2275 1544 2317 abstinere
1568 2275 1685 2317 haud

1142 2347 1236 2400 quit
1266 2351 1424 2394 tamen,

139 2440 146 2447 -
198 2413 308 2463 Quin
343 2416 413 2456 mi·
430 2417 610 2470 inperet‚
643 2418 744 2472 quin
779 2431 844 2459 me
877 2419 966 2459 suis
997 2419 1182 2471 negotiis
1215 2418 1486 2473 praefulciat.

315 2576 328 2608 1
358 2584 492 2618 aegeus
518 2575 552 2609 A
622 2587 660 2609 es
732 2576 768 2609 in
794 2577 929 2610 amoris
955 2576 1033 2610 uias
1115 2577 1136 2610 2
1161 2577 1279 2612 omnis
1305 2587 1367 2612 om.
1452 2578 1472 2612 3
1498 2580 1536 2612 et
1560 2587 1626 2612 om.
1652 2577 1687 2611 A

344 2636 531 2666 exscetera
558 2643 637 2666 eum
665 2631 710 2674 B,
737 2632 909 2667 exscedra
935 2633 1012 2667 curi
1041 2632 1071 2668 Ο
1219 2634 1375 2668 aetolito
1402 2633 1448 2676 B,
1475 2634 1634 2669 etholico
1662 2633 1690 2669 C

198 2690 219 2722 4
245 2687 381 2722 antheo
409 2688 438 2723 G
525 2688 724 2723 delluctari
749 2688 785 2723 B
877 2690 898 2723 6
923 2700 1056 2724 nonem
1081 2689 1117 2724 Β
1209 2692 1230 2724 8
1256 2691 1386 2735 edepol
1410 2690 1512 2725 illum
1538 2690 1608 2726 BG

202 2746 242 2778 10
267 2745 365 2779 serui
389 2746 424 2778 A
539 2747 576 2778 ll
606 2745 676 2779 hau
702 2746 746 2786 A,
773 2752 833 2779 aut
859 2745 924 2780 BC
1028 2748 1088 2790 qui
1113 2747 1157 2790 A,
1185 2747 1270 2791 quid
1301 2746 1330 2782 Ο
1441 2749 1480 2781 12
1504 2747 1598 2790 Quid
1623 2746 1692 2781 BG

289 2802 377 2845 quin
402 2812 448 2836 ne
473 2801 507 2835 A
