2009 3218
371 237 421 274 56
1057 227 1175 261 Plauti
1576 225 1636 268 IV,
1663 227 1695 267 4,
1719 225 1853 259 58—64

1004 352 1221 394 Tooeilus

371 430 530 470 Curato
562 430 611 468 ut
642 425 840 479 praedati
873 425 1017 479 pulcre
1050 424 1104 466 ad
1137 429 1280 465 castra
1311 424 1638 465 conuortamini.
1670 445 1726 450 —
1787 432 1854 466 605

369 499 564 543 Concede
595 499 727 549 istum
760 511 837 551 ego
869 497 988 538 illam
1020 496 1246 538 adducam.

979 598 1248 640 Dordalus

953 672 1054 723 Age,
1087 674 1135 710 ut
1165 683 1254 711 rem
1286 683 1379 710 esse
1411 669 1453 709 in
1486 672 1680 710 nostram
1714 672 1853 722 putas.

1006 771 1223 813 Toxilus

372 849 463 890 Eho
496 847 597 889 dum
629 846 724 895 huo,
757 844 889 897 uiryo.
923 868 976 872 ——
1017 844 1121 887 Uide
1149 843 1212 885 sis
1242 843 1345 896 quid
1375 856 1487 896 ayas.

1037 945 1196 999 Uirqo
1561 996 1565 998 q

1236 1017 1421 1068 Taceas3
1454 1016 1614 1058 curabo
1647 1020 1694 1058 ut
1724 1016 1856 1059 uoles.

1000 1097 1222 1138 Tooeilus

372 1170 561 1225 Sequere
579 1184 656 1212 me.
676 1193 730 1197 --
748 1169 924 1211 Adduco
942 1169 1064 1219 hanc,
1098 1169 1133 1210 si
1160 1168 1263 1222 quid
1289 1169 1356 1210 uis
1383 1182 1432 1208 ex
1457 1167 1536 1209 hac
1553 1168 1856 1222 percontarier.

982 1271 1252 1313 Dordalus

372 1344 495 1385 Enim
528 1344 628 1386 uolo
659 1348 701 1385 te
733 1344 898 1386 adesse.

1011 1427 1227 1468 Toxilus

722 1500 847 1541 Haud
881 1514 1054 1553 possum
1087 1500 1189 1553 quin
1223 1499 1322 1540 huic
1353 1512 1527 1552 operam
1558 1497 1655 1540 dem
1686 1497 1858 1552 hospiti,

374 1571 482 1621 Quoi
515 1585 613 1613 erus
646 1571 794 1622 iussim
827 1572 929 1625 quid
963 1573 998 1613 si
1032 1572 1098 1612 hie
1131 1586 1214 1612 non
1248 1571 1339 1612 uolt
1371 1584 1437 1612 me
1470 1569 1621 1612 adesse
1654 1570 1768 1611 una?

966 1672 1277 1725 Sayarz'stio

1418 1744 1552 1786 Immo
1583 1744 1597 1786 i
1629 1744 1769 1787 modo.
1796 1756 1863 1790 610

1010 1824 1225 1866 Toxilus

375 1899 438 1940 Do
471 1898 549 1940 t-ibi
582 1911 659 1950 ego
693 1910 879 1951 operam.

984 1990 1255 2032 Dordalus

664 2063 759 2104 Tibi
791 2062 950 2104 ibidem
984 2063 1076 2114 das,
1109 2062 1182 2104 ubi
1214 2066 1260 2104 tu
1292 2067 1413 2104 tuum
1445 2063 1631 2124 amicum
1663 2062 1861 2105 adiuuas.

1010 2165 1230 2206 Toxilus

376 2237 578 2292 Exquire.
613 2260 660 2266 —
697 2236 812 2279 Heus
845 2241 904 2288 tu,
938 2237 1142 2290 aduigila.

1041 2339 1079 2381 U
1085 2340 1199 2391 iryo

700 2412 814 2453 Satis
847 2415 914 2453 est
946 2412 1120 2453 dictum.
1182 2410 1455 2465 Quamquam
1487 2424 1565 2464 ego
1597 2423 1727 2452 serua
1759 2424 1864 2462 sum,

379 2484 475 2525 Scio
509 2497 586 2536 ego
619 2482 806 2524 officium
838 2498 992 2534 meum,
1023 2487 1083 2534 ut,
1115 2496 1225 2537 quae
1256 2483 1428 2536 rogitet,
1470 2495 1586 2532 uera,
1626 2486 1672 2523 ut
1703 2482 1864 2536 accepi,

1326 2553 1513 2608 eloquar.

491 2691 556 2724 605
582 2700 646 2724 om.
675 2689 740 2724 BC
842 2691 908 2724 606
933 2690 1029 2725 istuc
1055 2691 1099 2733 A,
1127 2691 1155 2725 si
1182 2701 1283 2725 suam
1309 2689 1352 2733 B,
1380 2689 1426 2724 sis
1452 2689 1522 2722 iam
1550 2687 1580 2722 C
1679 2692 1806 2732 putras
1832 2689 1864 2723 A

378 2747 444 2780 607
469 2756 535 2780 om.
562 2745 634 2789 BG,
662 2746 733 2780 Fac
761 2746 845 2780 dum
873 2746 942 2780 huc
970 2748 1001 2780 A
1103 2748 1168 2782 609
1194 2747 1243 2781 hu
1269 2757 1418 2791 possum
1443 2746 1477 2779 A
1577 2745 1646 2779 huc
1675 2745 1703 2780 Ο
1799 2746 1866 2779 610

378 2802 438 2837 hic
465 2803 492 2836 si
522 2801 551 2837 Ο
638 2803 797 2844 611«ο,(,,νο
824 2802 890 2836 tibi
918 2801 986 2837 BC
1073 2803 1140 2837 612
1165 2804 1252 2838 satis
1278 2815 1346 2847 ego
1373 2803 1511 2838 dictum
1537 2801 1572 2836 B
