2009 3218
181 188 224 247 v,
249 205 385 240 48—52
800 205 1058 241 Truculvnlus.
1502 174 1507 181 ι
1588 209 1669 249 407

723 329 1121 384 Stratophanes

182 399 317 442 Dedin
350 414 429 455 ego
461 415 611 443 aurum
625 401 646 442 ἶ)

744 480 1098 523 Phronesium

710 551 876 595 Mihin?
936 553 1105 595 Dedisti
1137 553 1225 595 filio
1259 553 1434 597 cibaria.
1603 567 1669 601 925

762 633 1083 688 Astaphium

176 702 299 746 Nunc
330 704 366 745 si
396 704 509 746 hanc
539 709 678 746 tecum
713 718 804 747 esse
837 718 999 759 speras,
1034 704 1123 746 alia
1154 709 1283 758 opust
1315 706 1409 747 auri
1442 707 1567 748 mina.

803 798 1035 842 Strabax

175 868 231 911 In
261 869 417 912 malam
450 884 539 912 rem
573 872 597 921 i,
631 872 707 913 sed
741 885 894 925 magno
928 886 1058 926 opere
1090 885 1217 913 serua
1248 872 1326 913 tibi
1358 873 1580 914 uiaticum.

719 966 1124 1020 Stratophanes

175 1035 289 1088 Quid
319 1037 394 1079 isti
424 1037 591 1081 debes?

747 1111 1095 1154 Phronesium

473 1210 477 1214 -
532 1181 648 1224 Tria,

719 1262 1116 1317 Stratophanes

615 1334 733 1386 Quae
766 1335 851 1377 tria
881 1336 1010 1377 nam?

739 1429 1093 1473 Phronesium

988 1502 1232 1556 Unguenta,
1263 1507 1446 1553 noctem,
1480 1502 1663 1544 sanium.

175 1577 261 1619 Par
291 1577 385 1631 pari
414 1575 665 1630 respondet.

717 1654 1123 1709 Stratophanes

678 1727 836 1770 Uerum
870 1740 983 1768 nunc
1015 1727 1182 1778 saltem,
1215 1727 1250 1769 si
1283 1728 1408 1768 etiam
1437 1739 1501 1767 me
1531 1740 1663 1778 amas,

174 1800 275 1844 Dan.
298 1805 346 1842 tu
377 1799 482 1841 mihi
515 1799 566 1841 de
597 1800 684 1841 tuis
716 1799 898 1850 deliciis,
928 1798 1135 1852 quicquid
1167 1799 1257 1848 erit,
1290 1798 1572 1852 pusillulum?
1597 1810 1664 1844 930

738 1894 1090 1936 Phronesium

175 1966 288 2017 Quid
319 1967 363 2009 id
395 1966 551 2009 amabo
581 1962 648 2009 est
679 1967 793 2021 quod
826 1967 951 2008 dem?

802 2061 1036 2104 Strabax

1015 2133 1093 2175 Die
1123 2138 1171 2176 tu
1203 2149 1243 2175 m
1275 2133 1301 2185 †
1331 2147 1460 2188 super
1489 2132 1569 2175 feri

170 2206 201 2258 †
228 2205 370 2262 Capas
402 2206 507 2248 dicit
539 2206 666 2247 auaui
699 2205 940 2248 consultam
973 2207 1083 2247 istuc
1116 2205 1216 2255 mihi
1249 2205 1390 2247 homo.

173 2277 288 2320 Caue
319 2278 452 2330 faxis3
484 2291 637 2320 uomus
669 2277 748 2319 tibi
780 2278 966 2327 iniciam,
999 2279 1100 2332 quoi
1131 2284 1233 2320 sunt
1264 2278 1416 2320 dentes
1447 2278 1587 2320 ferrei.

171 2349 310 2404 Uolgo
341 2350 397 2392 ad
429 2363 475 2392 se
506 2351 643 2392 omnis
673 2350 788 2392 intro
819 2350 965 2391 mittit.

284 2510 351 2544 925
374 2508 469 2544 Dedi
495 2520 518 2542 u
541 2507 588 2551 B,
615 2507 699 2542 dedi
800 2507 889 2542 mihi
916 2507 1088 2542 dedixisti
1187 2507 1364 2543 cibariam
1475 2508 1542 2543 926
1567 2519 1658 2553 opus

171 2569 228 2602 est
251 2566 282 2602 C
381 2567 447 2601 927
471 2565 517 2600 In
542 2575 609 2601 om.
715 2565 745 2599 is
769 2569 806 2599 et
831 2576 965 2608 magna
989 2576 1126 2609 magno
1227 2568 1350 2600 seruat
1373 2566 1424 2600 ibi
1451 2566 1585 2600 aticum
1617 2565 1658 2609 B,

128 2631 130 2633 ’
171 2623 354 2658 oeruatib:
380 2623 534 2659 atticum
562 2621 593 2658 C
725 2623 792 2657 928
817 2622 917 2657 Debe
942 2623 986 2657 isi
1011 2622 1057 2665 Β,
1083 2621 1195 2658 debet
1220 2623 1290 2658 nisi
1315 2623 1345 2659 Ο
1478 2628 1588 2658 nocte
1613 2623 1657 2667 B⁷

171 2682 302 2715 noctes
327 2679 358 2716 0
400 2700 403 2703 ,
434 2681 502 2715 929
527 2679 557 2714 si
583 2690 681 2714 amas
764 2680 832 2714 930
855 2678 1000 2714 delictis
1027 2690 1107 2714 sum
1133 2680 1307 2725 quiequid
1379 2680 1614 2725 pausillulum
1631 2680 1660 2715 G

171 2737 235 2773 931
262 2737 314 2772 ita
340 2737 447 2772 alabo
470 2735 518 2779 B,
541 2737 594 2771 ita
619 2736 666 2770 ab
691 2747 762 2770 auo
789 2735 818 2770 Ο
904 2735 999 2770 idem
1088 2735 1160 2771 fert
1185 2737 1215 2772 0
1302 2739 1369 2773 932
1393 2749 1541 2782 campas
1567 2737 1658 2772 dicit

172 2793 218 2828 ab
243 2794 304 2828 aui
332 2793 361 2829 0
449 2795 516 2829 933
542 2793 676 2828 uulnus
705 2793 734 2828 C
822 2793 895 2827 iam
987 2805 1064 2828 sum
1092 2793 1214 2828 dentis
1239 2793 1276 2829 B
