2009 3218
128 171 193 215 ΠΙ,
216 173 248 215 2,
274 172 387 205 ’7-20
749 171 1010 205 Truculentus.
1534 175 1614 213 385

711 295 1035 349 Astaphium

129 354 238 405 Quid
271 354 372 395 uis?

718 423 1018 478 Stratyllax

438 495 520 545 Qui
552 496 577 547 †
609 503 727 537 tuam
760 501 966 549 expectet·
998 496 1295 538 esculentiam.
1548 512 1615 544 665

710 575 1030 629 Astaphium

126 649 247 690 Dicin
279 648 395 689 clare
429 648 545 693 mihi.
579 648 679 700 quid
715 647 795 689 tibi
828 652 872 688 et
903 661 988 700 quo
1022 649 1088 688 uis
1120 648 1278 689 modo?

707 726 1012 780 Stratyllax

124 800 267 843 Nouos
298 801 433 841 omnis
467 814 608 840 mores
640 799 792 847 habeo,
826 804 998 840 ueteres
1032 799 1211 852 perdidi.

124 873 199 915 Uel
231 887 376 914 amare
409 886 584 925 possum
616 872 685 912 uel
719 873 806 912 iam
839 878 1029 914 scortum
1061 872 1231 913 ducere.

703 952 1025 1006 Astaphium

124 1023 284 1078 Lepide
317 1029 528 1066 mecastor
558 1025 746 1065 nuntias.
809 1024 891 1066 Sed
925 1025 993 1065 dic
1025 1024 1128 1065 mihi

123 1095 271 1138 Haben
305 1100 352 1137 tu
383 1119 436 1124 —

713 1167 1015 1220 Stratyllax

476 1240 667 1282 Pretium
700 1245 742 1282 te
773 1241 960 1282 fortasse
993 1241 1148 1282 dicere.
1546 1254 1613 1286 670

704 1320 1024 1374 Astaphium

122 1393 374 1435 Intellexisti
406 1392 562 1446 lepide,
593 1393 698 1446 quid
730 1407 808 1446 ego
841 1393 1039 1434 dicerem.

712 1473 1017 1527 Stratyllax

122 1543 235 1586 Heus
265 1549 326 1594 tu,
356 1545 443 1586 iam
474 1550 707 1599 postquam
737 1547 782 1586 in
814 1545 964 1586 urbem
997 1545 1148 1586 crebro
1181 1559 1387 1592 commeo,

120 1616 253 1658 Dicax
283 1631 375 1658 sum
406 1616 571 1668 factus;
603 1618 690 1658 iam
722 1632 815 1659 sum
848 1617 1044 1659 caulator
1076 1618 1248 1670 probus.

704 1697 1023 1751 Astaphium

121 1767 230 1819 Quid
261 1768 305 1810 id
336 1773 416 1819 est,
448 1768 633 1818 amabo?
692 1769 836 1811 Istaec
867 1769 1121 1810 ridicularia

120 1839 426 1882 Cauillationes
456 1842 534 1890 uis,
568 1842 733 1895 opinor,
767 1841 939 1884 dicere?
1542 1855 1611 1888 675

711 1921 1015 1976 Stratyllax

118 1991 203 2043 Ita3
232 1993 341 2034 illud
372 1993 609 2046 pauxillum
642 1993 786 2034 differt
816 2009 842 2035 a
872 1993 1079 2035 caulibus.

696 2073 1022 2127 Astaphium

119 2142 306 2198 Sequere
336 2146 465 2196 intro⁷
497 2145 668 2196 amabo,
700 2160 797 2187 mea
827 2146 1046 2199 uoluptas.

704 2225 1012 2279 Stratyllax

1107 2296 1221 2339 Tene
1252 2298 1354 2349 tibi3

118 2366 338 2410 Rabonem
370 2369 542 2420 habeto,
576 2375 624 2411 ut
656 2383 822 2410 mecum
853 2369 964 2410 hanc
995 2374 1166 2411 noctem
1197 2371 1295 2411 sies.

225 2527 292 2560 666
316 2527 385 2561 Dic
410 2527 573 2571 incipera
596 2527 686 2561 mihi
758 2529 825 2562 663
850 2527 984 2561 uellam
1058 2529 1179 2563 dicere
1201 2528 1237 2563 B
1306 2530 1372 2563 669
1397 2529 1558 2564 Num-ias
1580 2530 1608 2564 C

60 2576 89 2626 '¹7
115 2581 183 2617 670
205 2582 354 2618 Habent
378 2584 584 2627 parasitum
611 2588 646 2618 et
672 2584 830 2618 fortasse
969 2585 1036 2618 672
1060 2586 1237 2620 c6mobeo
1263 2587 1306 2629 B,
1333 2597 1552 2620 commoneo
1580 2586 1608 2620 (ἰ

116 2638 182 2673 673
205 2639 272 2674 Hic
297 2647 388 2674 axsfi
411 2640 534 2684 (axum
562 2640 603 2684 C)
628 2641 765 2675 factum
860 2641 1057 2675 cauillator
1149 2643 1216 2676 675
1241 2644 1316 2677 suis
1343 2642 1378 2677 B
1470 2645 1537 2678 676
1563 2651 1604 2677 ut

206 2697 399 2732 cauillibus
501 2700 567 2732 677
592 2699 692 2732 intro
717 2710 775 2731 me
801 2698 931 2731 amabo
1045 2699 1199 2743 uolupta
1223 2700 1251 2733 si
1278 2699 1324 2737 Β,
1351 2700 1541 2744 uoluptast
1568 2700 1597 2735 C'

205 2759 288 2788 tene
312 2754 383 2788 hoc
408 2755 475 2788 tibi
568 2756 636 2790 678
660 2767 681 2788 a
707 2762 816 2789 nocte
841 2754 884 2794 B,
911 2761 1065 2789 acnocte
1092 2755 1121 2790 0

215 2823 252 2852 V.
1267 2873 1271 2876 .
1288 2829 1332 2861 25
