2009 3218
380 218 456 256 106
1060 211 1183 245 Plauti
1619 209 1666 253 11,
1692 211 1722 252 3,
1748 210 1860 262 9-.¹⁷

977 336 1254 378 Trachalio

1516 407 1624 448 Heia
1654 422 1772 460 uero,

377 482 510 532 Quasi
541 495 625 522 non
657 480 712 522 sit
741 480 870 521 intus.

968 563 1268 625 Ampelisca

708 647 858 700 Neque
890 647 962 700 pol
994 650 1058 687 est
1087 659 1227 699 neque
1258 645 1341 687 hue
1372 645 1551 699 quidem
1582 645 1695 687 ullus
1727 646 1858 688 uenit.

982 748 1256 789 Trachalio

375 823 472 865 Non
502 822 652 864 uenit?

973 921 1261 974 Ampelisca

702 995 817 1038 Uera
848 993 1086 1048 praedicas.

976 1096 1254 1138 Trachalio

1116 1168 1214 1210 Non
1246 1173 1312 1211 est
1342 1182 1497 1220 meum,
1530 1169 1788 1224 Ampelisca.

376 1243 459 1287 Sed
491 1256 619 1297 quam
652 1256 750 1284 mox
782 1245 952 1283 coctum
984 1244 1050 1282 est
1081 1240 1342 1294 prandium?

967 1344 1266 1396 Ampelisca

1055 1415 1179 1465 Quod
1210 1416 1455 1470 prandium,
1487 1416 1666 1458 obsecro
1698 1415 1771 1458 te‘?
1796 1427 1863 1461 340

984 1519 1260 1560 Trachalio

375 1592 538 1646 Nempe
568 1605 658 1633 rem
690 1592 880 1633 diuinam
911 1591 1058 1633 facitis
1091 1590 1172 1632 hic.

968 1694 1266 1746 Ampelisca

1245 1765 1356 1816 Quid
1390 1766 1593 1817 somnias,
1624 1764 1809 1807 amabo?

976 1869 1265 1910 Trachalio

377 1939 503 1984 Certe
534 1941 617 1982 huo
649 1940 820 1983 Labrax
852 1940 907 1982 ad
939 1940 1165 1995 prandium
1197 1941 1373 1983 uocauit
1404 1939 1710 1994 Plesidippum,

378 2013 510 2054 Erum
539 2026 681 2054 meum
714 2027 814 2055 erus
846 2017 1006 2055 uester.

968 2115 1269 2167 Ampelisca

1043 2187 1120 2230 Pol
1151 2188 1268 2229 haud
1300 2186 1497 2228 miranda
1527 2185 1645 2227 facta
1676 2185 1807 2237 dicis;

379 2260 423 2301 Si
456 2260 558 2301 deos
591 2260 763 2314 decepit
795 2266 838 2302 ef,
870 2260 1072 2309 homines,
1106 2260 1306 2301 lenonum
1339 2273 1457 2300 more
1488 2258 1602 2299 fecit.

987 2362 1265 2403 Trachalio

380 2435 475 2477 Non
508 2448 596 2476 rem
628 2435 817 2476 diuinam
850 2434 990 2476 facitis
1022 2435 1092 2475 hic
1125 2448 1203 2476 uos
1234 2448 1375 2488 neque
1407 2434 1538 2474 erus‘?

972 2537 1270 2588 Ampelisca

1565 2605 1770 2646 Ariolare.
1797 2615 1862 2649 345

495 2745 560 2778 337
587 2743 758 2778 belaum-0
864 2744 930 2776 340
956 2746 1044 2786 quot,
1069 2743 1103 2777 B
1208 2745 1271 2777 341
1298 2742 1357 2776 hie
1382 2741 1440 2776 hic
1466 2741 1501 2775 B
1601 2742 1666 2775 342
1691 2739 1863 2784 plesidip-

382 2813 467 2846 pum
493 2801 641 2836 uocauit
665 2800 711 2834 ad
737 2799 929 2843 prandium

1985 2297 2009 3218 i
