2009 3218
373 208 454 247 462
1032 203 1192 239 Rudens.

369 335 408 369 et
439 332 629 369 Palaestra
659 332 800 369 amissa
830 331 950 378 redit,
997 335 1041 369 ut
1079 333 1255 370 ancillam
1294 333 1429 371 saltem
1462 334 1676 381 recuperet.
1751 330 1850 368 Huic

368 399 513 449 Gripus
544 399 698 437 obviam
729 399 852 436 factus
883 398 1056 436 vidulum
1083 402 1268 438 amissum
1294 415 1333 439 se
1358 401 1618 438 indicaturum
1641 399 1848 448 promittit,

369 469 400 505 si
442 467 515 505 sibi
553 467 742 504 talentum
787 466 878 513 det3
932 467 1137 506 Daemones
1175 473 1305 507 autem
1342 468 1459 505 herus
1497 470 1597 513 eius,
1645 467 1694 504 ad
1736 479 1850 515 quem

369 534 562 584 quidquid
602 548 735 572 servus
773 535 1008 584 acquisierat
1037 536 1120 573 iure
1151 536 1394 586 pertinebat,
1441 538 1600 585 accepto
1631 535 1778 571 talento
1811 537 1851 571 et

370 602 533 653 Gripum
565 616 681 639 manu
711 603 835 639 mittit
866 606 904 640 et
937 603 1118 641 ancillam
1149 617 1171 640 a
1201 605 1338 641 lenone
1369 603 1538 640 redimit.

481 670 589 708 Hanc
615 670 787 707 fabulam
813 672 879 720 qui
904 670 1035 708 Graece
1059 673 1227 721 scripsit,
1259 671 1443 720 Diphilus
1460 670 1684 720 Sinopensis
1709 665 1759 719 (v.
1781 667 1849 718 32)

369 753 446 789 quo
478 739 631 775 nomine
663 738 920 788 appellaverit
943 739 1161 786 ignoratur,
1195 739 1358 776 Plautus
1380 734 1613 776 Rudente'm
1635 738 1853 775 nominavit

370 821 391 843 a
421 807 586 844 rudente
609 807 670 843 vel
696 811 790 853 rete,
819 819 894 856 quo
923 806 1077 843 vidulus
1101 807 1251 843 lenonis
1276 820 1295 842 e
1319 808 1416 843 mari
1439 806 1658 843 extrahitur
1683 801 1735 853 (V.
1758 806 1850 843 926.

373 876 490 913 1002.
528 869 666 923 1018).
728 875 840 921 Quod
872 876 903 911 si
935 876 1021 923 quis
1051 878 1211 923 quaeret,
1245 888 1312 912 cur
1338 887 1360 911 a
1390 874 1552 911 rudente
1577 875 1709 922 potius
1735 886 1851 922 quam

368 943 501 981 vidulo
546 956 687 980 nomen
732 943 899 992 ceperit.
953 941 1244 979 Studemundus
1291 938 1440 990 (Revue
1487 941 1533 979 de
1581 941 1852 979 l’Instruction

369 1011 555 1061 publique
587 1025 634 1048 en
668 1011 853 1060 Belgique
883 1009 1004 1047 XXV.
1043 1008 1165 1056 1882)
1208 1010 1341 1048 docuit
1383 1009 1544 1046 alteram
1575 1009 1706 1046 Plauti
1743 1010 1851 1047 fabu-

369 1080 457 1126 lam,
484 1077 738 1125 Vidulariam,
770 1079 987 1127 argumenti
1010 1077 1092 1116 fere
1117 1079 1261 1128 gemini
1287 1078 1417 1115 fuisse.
1479 1078 1573 1124 Quae
1597 1079 1629 1115 si
1655 1078 1854 1127 antiquior

370 1147 458 1194 fuit,
491 1160 536 1184 eo
561 1149 716 1184 nomine
740 1149 818 1184 iam
843 1150 1034 1196 occupato
1057 1159 1168 1184 novae
1194 1147 1334 1184 fabulae
1360 1147 1467 1184 aliud
1489 1146 1741 1196 quaerendum
1765 1146 1850 1183 fuit.

481 1215 633 1252 Fabula
676 1214 943 1263 pulcherrima
988 1228 1105 1264 quum
1148 1216 1270 1252 multa
1314 1228 1404 1251 vere
1443 1216 1607 1261 comica,
1653 1218 1736 1250 tum
1774 1226 1853 1251 non

368 1297 495 1334 pauca
533 1285 637 1320 seria
675 1287 715 1319 et
751 1283 972 1320 formidinis
1011 1287 1050 1320 et
1088 1283 1363 1320 misericordiae
1400 1283 1516 1333 plena
1560 1282 1696 1328 habet,
1742 1285 1787 1319 ut
1832 1295 1855 1318 a

370 1347 495 1390 nostri
532 1352 723 1401 temporis
769 1351 912 1388 fabulis
951 1352 1076 1388 minus
1113 1365 1229 1401 quam
1270 1352 1353 1388 aliae
1399 1352 1597 1401 pleraeque
1642 1350 1854 1387 abhorrere

368 1421 561 1458 videatur.
635 1419 682 1456 In
727 1433 839 1456 suum
883 1432 998 1456 usum
1043 1420 1239 1457 convertit
1281 1423 1401 1469 poeta
1444 1419 1586 1465 Italus,
1632 1418 1854 1456 Ludovicus

368 1489 511 1535 Dolce‚
552 1501 670 1538 quum
700 1488 872 1525 fabulam
907 1487 959 1535 „il
989 1485 1194 1525 Ruffiano“
1229 1488 1436 1534 scriberet,
1478 1500 1526 1524 ne
1557 1487 1656 1524 alios
1687 1498 1850 1524 comme·
1904 1482 1908 1485 ’

371 1571 516 1595 morem
547 1558 674 1593 minus
703 1560 832 1594 notos.

485 1625 732 1674 Palimpsesti
771 1624 1021 1662 Ambrosiani
1063 1625 1111 1662 ad
1155 1625 1254 1661 hanc
1299 1624 1470 1662 fabulam
1514 1625 1664 1673 septem
1701 1626 1857 1660 tantum

371 1694 467 1731 folia
498 1694 707 1743 pertinent,
750 1706 915 1742 quorum
954 1705 1072 1741 quum
1105 1694 1145 1730 in
1174 1692 1302 1730 tribus
1333 1696 1372 1730 et
1402 1694 1441 1729 in
1473 1692 1598 1729 altera
1627 1693 1757 1741 quarti
1785 1703 1855 1740 pa-

374 1765 464 1811 gina
494 1764 574 1799 fere
604 1762 701 1798 nihil
732 1762 808 1810 legi
839 1762 974 1810 possit,
1007 1765 1153 1810 septem
1185 1764 1338 1811 paginae
1368 1764 1530 1807 restant,
1572 1772 1658 1809 quae
1688 1760 1856 1797 fructum

373 1831 542 1880 aliquem
568 1830 705 1867 afferre
732 1831 897 1879 possint.
944 1829 1014 1867 His
1038 1830 1078 1866 hi
1105 1831 1184 1866 fere
1202 1843 1335 1867 versus
1359 1831 1496 1878 scripti
1521 1832 1624 1875 sunt,
1650 1827 1854 1873 mes—28,

375 1900 580 1945 507—76,
615 1900 819 1936 752—87.
881 1898 1104 1947 Scripturas
1142 1901 1352 1935 enotarunt
1390 1897 1516 1934 Maius
1556 1900 1597 1933 et
1633 1894 1856 1946 Geppertus

371 1968 479 2017 praef.
512 1981 548 2017 p.
582 1966 614 2003 V
645 1980 701 2016 sq.
771 1967 931 2004 Codices
962 1965 1193 2003 Vaticanum
1224 1962 1291 2014 (B)
1323 1969 1362 2003 et
1394 1965 1756 2014 Heidelbergensem
1790 1959 1854 2012 (C)

372 2038 455 2086 ipse
487 2035 644 2073 contuli.
719 2035 763 2072 In
794 2034 921 2072 media
950 2034 1101 2081 fabula,
1148 2039 1236 2084 post
1267 2048 1300 2071 v.
1336 2035 1434 2081 636,
1482 2046 1598 2083 quum
1630 2033 1688 2069 vel
1722 2042 1855 2079 margo

373 2105 575 2154 archetypi
615 2102 757 2140 codicis
788 2103 850 2140 vel
883 2102 968 2140 aliae
1000 2105 1084 2140 eius
1114 2106 1246 2151 partes
1277 2101 1404 2139 labem
1437 2102 1607 2150 aliquam
1638 2102 1853 2138 contraxis-

373 2178 470 2221 sent,
503 2174 654 2222 aliquot
684 2172 779 2209 locis
810 2174 878 2208 aut
908 2171 947 2207 in
978 2171 1171 2220 principio
1202 2174 1270 2207 aut
1300 2171 1339 2207 in
1371 2171 1476 2206 exitu
1507 2182 1686 2207 versuum
1718 2173 1786 2206 aut
1815 2169 1855 2206 in

373 2242 510 2279 mediis
542 2244 659 2278 etiam
690 2239 840 2276 librarii
871 2239 1030 2276 lacunas
1061 2239 1305 2285 indicarunt;
1352 2239 1419 2275 sed
1450 2238 1556 2287 quod
1586 2241 1677 2288 post
1706 2251 1740 2273 v.
1774 2237 1854 2275 422

373 2309 550 2359 pluribus
581 2310 674 2347 locis
705 2303 996 2345 Fleckeisenius
1028 2319 1162 2344 versus
1194 2306 1382 2343 excidisse
1413 2307 1589 2356 putavit,
1634 2306 1732 2344 falsa
1768 2318 1854 2343 eum

375 2377 528 2426 decepit
559 2377 702 2413 codicis
734 2376 763 2413 B
794 2377 962 2425 species3
994 2388 1030 2412 V.
1063 2375 1111 2412 ad
1144 2388 1229 2411 eum
1260 2375 1401 2412 locum.
1438 2394 1486 2399 —
1513 2374 1730 2424 Separatim
1756 2373 1853 2411 hanc

373 2445 542 2481 fabulam
588 2444 796 2481 ediderunt
841 2443 997 2480 Reizius
1047 2443 1170 2489 1789,
1228 2441 1268 2480 C.
1302 2443 1345 2480 Ε.
1379 2442 1445 2479 Ch.
1478 2442 1691 2479 Schneider
1735 2441 1852 2487 1824,

373 2512 597 2562 Geppertus
635 2513 748 2550 1840.
810 2512 1094 2548 Annotationes
1126 2511 1163 2547 in
1196 2511 1412 2548 Rudentem
1443 2511 1685 2560 scripserunt
1708 2509 1852 2558 Kamp—

375 2593 552 2626 mannus,
602 2580 756 2617 Vratisl.
794 2580 920 2625 1830,
968 2582 1007 2616 et
1045 2577 1262 2615 Francken.
1294 2579 1533 2626 Mnemosyn.
1574 2591 1661 2615 nov.
1694 2590 1767 2615 ser.
1798 2575 1853 2613 ΙΠ

374 2645 520 2698 (1875)
552 2661 590 2697 p.
626 2649 676 2684 34
710 2661 796 2696 sqq.

486 2717 746 2753 Personarum
793 2717 947 2753 nomina
993 2714 1126 2751 Graeca
1169 2717 1277 2759 sunt,
1331 2714 1473 2763 partim
1527 2713 1698 2762 vulgaris
1748 2723 1851 2757 usne,

373 2787 518 2835 partim
556 2785 712 2831 ingenia
741 2783 940 2827 homiuum
972 2782 1242 2830 significantia,
1275 2782 1382 2819 velut
1406 2776 1575 2818 Labrax
1597 2781 1685 2817 leno
1711 2779 1854 2816 dicitur
