2009 3218
363 203 447 242 ’496
1026 200 1190 235 Rudens.

366 329 568 366 octonarii.
646 329 725 365 934
771 328 957 365 iambicus
1001 329 1250 379 imperfectus
1294 334 1462 378 systema
1499 330 1693 367 claudens.
1762 331 1839 368 935

366 396 550 433 iambicus
595 396 770 432 dimeter.
853 397 931 434 936
970 409 1026 446 sq.
1073 398 1222 434 incerti.
1308 398 1499 435 938—40
1546 398 1679 434 cretici
1723 400 1842 434 tetra-

365 465 492 500 metri.
569 464 644 501 941
680 467 719 500 et
758 465 810 501 42
850 466 1054 513 compositi
1094 478 1141 501 ex
1179 466 1345 502 dimetro
1381 465 1579 502 trochaico
1617 465 1842 502 catalectico

367 534 406 568 et
436 531 602 568 dimetro
635 532 779 569 cretico
811 533 1051 570 catalectico.
1121 534 1314 571 943—-48
1353 534 1580 581 anapaestici
1610 533 1841 571 tetrametri.

369 600 447 636 949
481 612 592 648 anap.
625 603 716 636 tetr.
749 600 859 637 catal.
1027 596 1032 601 ¹

479 669 570 705 926.
604 664 701 704 dum
724 663 827 706 hanc
849 666 1064 706 'rudentem
1087 664 1272 716 conplico
1303 667 1415 704 affert
1437 667 1585 705 Nonius
1616 681 1654 717 p.
1681 669 1772 705 221.
1791 687 1843 693 —

367 737 460 773 927.
492 731 617 772 Mitte
638 733 759 773 morlo
789 749 874 772 cum
904 737 1083 786 proximo
1113 738 1278 785 iungunt
1301 735 1433 773 Muell.
1461 735 1601 786 Speng.
1620 736 1841 773 scribentes:

370 804 558 850 „adiuu03
590 801 751 850 bonis“;
783 805 851 841 sed
876 807 916 840 et
940 803 1112 840 futurum
1138 807 1177 840 et
1194 813 1291 840 nam
1308 805 1514 852 aptissima
1530 807 1631 840 sunt.
1653 823 1701 828 —
1727 799 1844 841 bonis

366 876 452 921 cet„
486 871 532 908 cf.
565 871 675 921 Capt.
710 872 801 909 357.
836 892 886 897 ——-
919 873 1011 909 930.
1042 868 1242 920 postules,
1283 872 1329 909 cf.
1359 873 1451 909 532.
1482 891 1537 896 —
1568 873 1645 909 931
1680 871 1845 909 afferunt

367 939 563 977 Charisius
594 940 612 976 I
642 954 681 990 p.
717 941 804 987 113,
839 939 989 977 Nonius
1021 955 1057 990 p.
1096 941 1184 988 158,
1222 939 1408 977 Priscian.
1441 939 1503 976 VI⁴
1524 954 1560 989 p.
1595 941 1674 977 719
1706 943 1745 977 et
1773 939 1844 977 VII

366 1022 404 1058 p.
446 1009 543 1054 759,
596 1008 663 1045 ubi
708 1021 911 1056 perperam
965 1006 1188 1057 „proferre“
1239 1011 1279 1044 et
1327 1005 1499 1055 „retem“
1547 1008 1746 1045 scribitur.
1792 1027 1845 1034 —

367 1085 588 1125 squamoso
620 1085 744 1123 pecu,
791 1076 837 1113 cf.
872 1075 1024 1113 Lucret.
1056 1076 1116 1122 II,
1155 1076 1233 1124 3112
1266 1089 1345 1124 sq.:
1396 1080 1627 1124 „mutaeque
1664 1079 1844 1114 natantes

368 1144 653 1192 squamigerum
687 1142 894 1192 pecudes“.
922 1165 976 1168 —
1008 1146 1100 1182 932.
1134 1145 1236 1181 Ante
1267 1153 1388 1193 quam
1420 1144 1617 1180 omittitur
1646 1142 1773 1191 „tam“
1802 1146 1846 1180 ut

369 1212 461 1248 alibi
505 1209 690 1260 „magis“‚
731 1227 765 1249 v.
805 1213 854 1248 ad
886 1213 986 1259 6743
1035 1212 1235 1250 Acidalius
1274 1225 1311 1261 p.
1344 1212 1423 1248 444
1471 1210 1633 1260 „quam“
1678 1211 1842 1249 delebat.

372 1300 420 1304 —
455 1281 547 1317 933.
580 1276 740 1317 Enicas
771 1281 907 1317 ultima
938 1285 1138 1330 correpta3
1184 1279 1317 1316 Muell.
1351 1294 1388 1330 p.
1423 1281 1500 1316 253
1533 1281 1703 1329 priorem
1734 1280 1844 1316 huius

369 1361 501 1385 versus
532 1352 684 1398 partem
717 1350 900 1385 creticum
933 1350 1155 1385 trimetrum
1189 1361 1271 1385 esse
1303 1347 1484 1385 affirmat.
1522 1367 1578 1373 -
1616 1347 1709 1385 934.
1747 1346 1842 1385 For-

367 1420 470 1454 tasse
501 1415 648 1465 aliquid
679 1416 835 1454 excidit.
904 1417 962 1454 Fl.
994 1420 1083 1466 post
1112 1426 1174 1453 me
1209 1413 1356 1462 „nunc“
1393 1416 1520 1464 addit,
1559 1419 1597 1453 et
1633 1417 1708 1453 fuit
1746 1418 1786 1454 in
1815 1415 1844 1453 Β

367 1484 438 1520 hoc
469 1485 553 1522 loco
589 1481 732 1532 „mihi“
767 1485 975 1534 scriptum3
1021 1484 1090 1522 sed
1121 1487 1259 1534 postea
1289 1497 1463 1531 erasum,
1503 1497 1573 1521 nec
1604 1485 1643 1521 in
1673 1483 1701 1522 C
1730 1483 1845 1521 ullius
1903 1479 1907 1483 ’

368 1553 546 1589 vocabuli
578 1554 781 1602 vestigium
814 1557 883 1591 est.
945 1549 1047 1602 quid
1077 1566 1162 1589 cum
1194 1554 1371 1601 sequenti
1402 1561 1498 1590 nam
1520 1551 1768 1599 iungendum.
1793 1570 1846 1576 —

370 1622 461 1658 935.
495 1618 555 1658 At
581 1617 652 1669 pol
682 1618 764 1671 qui,
797 1635 831 1658 v.
866 1621 913 1658 ad
945 1622 1086 1671 Amph.
1122 1622 1214 1658 798.
1247 1641 1303 1645 ——
1336 1621 1495 1668 „audies
1526 1618 1638 1670 post“
1672 1621 1846 1669 ineptum

371 1693 442 1726 est.
509 1689 710 1726 Acidalius
750 1691 924 1727 traiecit:
976 1690 1102 1736 „Quin
1141 1691 1228 1738 post
1266 1689 1428 1738 loquere
1467 1689 1561 1737 quid
1590 1686 1691 1725 uis“.
1751 1687 1845 1724 Tum

370 1758 495 1795 addit:
542 1758 677 1803 „Alter
715 1762 829 1805 urget
868 1762 913 1795 ut
950 1757 1133 1794 audiatur
1166 1758 1241 1793 iam
1273 1770 1373 1793 nunc
1405 1759 1556 1801 statim,
1597 1756 1713 1805 idque
1743 1754 1846 1791 ualet

369 1822 464 1863 Eleo
503 1824 662 1863 modo“.
724 1827 766 1863 In
805 1840 880 1875 quo
919 1826 1166 1863 vehementer
1204 1825 1365 1862 fallitur.
1431 1824 1539 1871 „Eho
1577 1822 1712 1861 modo“
1755 1836 1844 1860 nus-

370 1908 484 1944 quam
517 1894 609 1932 alibi
641 1895 806 1942 legitur,
854 1894 961 1941 „Eho
993 1890 1107 1931 dum“
1144 1894 1247 1942 apud
1279 1893 1434 1930 Terent.
1470 1892 1589 1930 Andr.
1625 1892 1714 1929 184.
1749 1891 1845 1936 6163

371 1962 437 1999 sed
485 1959 555 2000 eho
599 1976 807 2012 numquam
849 1963 993 1999 dicitur
1034 1963 1107 1999 nisi
1145 1965 1213 1998 aut
1251 1960 1354 2011 apud
1394 1960 1666 2010 imperativum
1704 1963 1771 1996 aut
1808 1959 1846 1994 in

371 2032 699 2080 interrogatione3
739 2031 801 2068 hic
844 2031 970 2078 „Audi
1004 2027 1143 2067 modo“
1177 2028 1383 2065 dicendum
1415 2032 1510 2065 erat.
1587 2027 1697 2074 Quod
1729 2039 1844 2076 quum

328 2147 333 2152 .
372 2103 410 2136 et
441 2100 623 2136 audacius
655 2100 876 2149 corrigatur
915 2103 953 2136 et
990 2098 1037 2135 de
1076 2097 1394 2135 antecedentibus
1426 2096 1632 2134 admodum
1663 2095 1845 2141 dubitem,

373 2167 490 2204 verba
521 2167 637 2204 dubia
669 2171 707 2204 et
738 2180 897 2217 prorsus
930 2166 1084 2204 inutilia
1114 2166 1264 2202 seclusi.
1300 2184 1347 2190 —··
1385 2166 1476 2202 937.
1514 2174 1613 2202 num
1643 2159 1848 2213 quispiam

372 2235 460 2271 olim
493 2235 750 2272 emendatum.
785 2255 833 2260 —
870 2235 960 2272 940.
1003 2232 1091 2272 dice
1122 2233 1227 2272 Reiz.
1261 2254 1313 2259 —-
1347 2234 1557 2275 941—42,
1594 2232 1640 2270 cf.
1674 2230 1845 2269 Studem.

373 2303 420 2339 de
453 2302 622 2340 Canticis
653 2317 689 2353 p.
714 2304 774 2341 13.
805 2323 853 2328 -—
884 2304 977 2340 943.
1009 2312 1152 2340 noram
1184 2302 1288 2339 Reiz,
1314 2321 1368 2327 —-
1396 2303 1486 2339 947.
1510 2297 1614 2349 plus
1644 2311 1715 2350 pro
1749 2311 1847 2345 „am-

372 2369 498 2420 plius“
535 2371 708 2419 Seyffert.
743 2371 880 2408 Philol.
913 2354 1041 2408 va1
1071 2384 1109 2420 p.
1144 2371 1236 2408 358.
1269 2370 1446 2407 Mueller.

487 2440 565 2475 950
598 2452 681 2488 sqq.
728 2439 911 2476 trochaici
958 2439 1180 2489 septenarii.
1252 2435 1399 2487 quoius
1444 2438 1504 2475 est
1547 2437 1743 2486 Kampm.;
1787 2446 1848 2470 su·

372 2507 566 2555 periores:
618 2508 750 2554 „cuius
796 2508 862 2544 ille
909 2505 1009 2544 est“.
1083 2503 1182 2543 noui
1220 2516 1290 2555 890
1329 2502 1550 2551 hominem,
1598 2504 1848 2552 negligenter,

375 2577 483 2623 quasi
516 2588 590 2611 non
624 2577 897 2612 antecessisset
931 2571 1127 2614 Uidulum
1159 2571 1293 2619 istmn,
1327 2579 1392 2610 aut
1423 2575 1532 2623 quasi
1561 2585 1634 2609 non
1660 2571 1848 2609 obiectum

374 2643 481 2679 verbi
513 2644 682 2692 positum
716 2647 837 2689 osset,
885 2643 953 2680 sed
996 2642 1122 2692 „quod
1155 2643 1297 2678 attinet
1327 2641 1375 2678 ad
1407 2641 1579 2678 vidulum
1611 2635 1765 2677 istum“.
1797 2655 1847 2662 ·-

375 2712 466 2748 953.
506 2706 648 2758 pluris
688 2710 757 2747 tua
795 2707 868 2747 hoc
904 2705 1050 2756 icfert,
1099 2710 1143 2747 cf.
1177 2709 1224 2745 ad
1259 2709 1392 2745 Bacch.
1429 2710 1518 2746 516.
1568 2727 1619 2732 -
1664 2707 1754 2744 955.
1799 2713 1849 2741 ne

375 2780 557 2828 quoniam
589 2778 781 2815 Gruterus
808 2776 997 2825 „nedum“
1026 2778 1206 2827 explicat,
1237 2776 1541 2813 animadvertam
1573 2775 1704 2812 eodem
1736 2771 1847 2810 modo

1958 958 1971 1368 *αὴ-*ΜΛ
1961 843 1966 955 ---

1991 1941 2009 2069 Ἀἱ-μ.-
1995 724 2009 1931 Δ--μψῌψῴ-Α-
2007 688 2009 697 n
