2009 3218
821 216 860 248 V.
887 217 1076 250 892—427.
1608 218 1688 258 439

215 349 426 402 procacitas
467 346 666 384 nominata
703 341 801 382 est“.
859 344 906 381 cf.
940 343 1066 382 Plaut.
1098 345 1254 383 Trucul.
1292 345 1381 383 152.
1427 345 1514 382 Ter.
1549 344 1688 382 IIeaut.

217 418 313 456 227:
349 415 459 462 „Mea
476 418 535 452 est
561 416 713 462 potens,
739 424 897 461 procax,
924 412 1139 460 magnifica,
1164 411 1430 462 sumptuosa“.
1478 413 1569 451 nec.
1592 414 1689 451 159:

219 484 411 533 „Maligna
450 486 489 519 et
518 481 643 519 multo
675 481 796 529 magis
827 492 972 529 procax
1004 480 1105 517 facta
1137 481 1225 519 ilico
1257 478 1356 527 est“,
1398 480 1463 518 ubi
1496 480 1688 518 Donatus:

218 551 504 601 „Despoliatrix
542 552 582 586 et
620 561 783 598 procax3
826 560 986 598 procare
1026 549 1127 585 enim
1167 551 1226 586 est
1264 547 1439 598 petere“.
1472 568 1527 574 —
1556 558 1692 598 rapax

214 616 372 667 traham,
412 618 476 668 qui
509 616 613 666 rapit
643 619 683 653 et
712 615 846 662 trahit,
879 615 924 653 cf.
958 615 1077 654 Mero.
1113 617 1184 653 55:
1234 616 1412 661 „trahere
1444 613 1688 655 exhaurire“.

211 689 315 727 Trin.
348 688 446 726 291:
484 688 638 732 „cetera
668 697 763 734 rape
795 681 948 721 trahe“.
981 703 1034 708 —
1073 685 1168 721 410.
1214 681 1456 733 ἰ)·(ιη3“ἶοζ[ηἰ,
1488 698 1610 734 usque
1641 685 1690 723 ad

211 756 322 794 finem
354 755 493 805 eloqui,
526 753 599 790 boc
629 765 705 790 uno
729 752 814 789 loco
841 754 980 790 exstat.
1006 771 1060 777 -
1085 753 1164 790 414
1197 765 1243 789 ex
1273 752 1307 788 A
1339 753 1512 790 accessit.
1560 753 1689 790 Maius

215 820 463 872 „cousebaff‘
498 821 612 869 legit3
647 820 757 858 Both.
791 816 983 858 censebas
1014 834 1106 868 em.;
1147 820 1190 858 R.
1223 819 1268 858 tu
1299 820 1462 858 addidit.
1502 840 1557 846 —
1595 822 1689 858 416.

212 889 314 932 Sine
343 889 402 928 ed.
433 904 493 941 pr.
536 909 579 914 —
610 890 703 926 417.
736 884 953 936 stabulum,
986 889 1010 926 i.
1038 901 1071 927 e.
1099 888 1353 936 domicilium,
1387 889 1432 926 cf.
1451 889 1565 927 Truc.
1587 890 1687 926 581:

215 958 431 1007 „stabulum
462 955 626 1007 flagiti“.
687 956 771 995 Cas.
809 958 905 995 157:
949 957 1170 1006 „nequitiae
1201 954 1438 995 stabulum“.
1471 977 1526 982 —
1554 954 1689 995 semoi-

211 1025 357 1067 tutium
388 1026 546 1064 Colerus
577 1039 664 1073 em„
697 1026 743 1064 cf.
776 1025 897 1072 Neue,
928 1024 1161 1063 Formenl.I
1201 1038 1238 1076 p.
1273 1026 1351 1064 269
1384 1038 1442 1075 sq.
1504 1024 1690 1064 Codicum

210 1098 441 1146 scripturam
483 1096 594 1144 quasi
635 1093 869 1132 adiectivum
908 1098 953 1131 ut
983 1094 1244 1132 meretricium
1275 1094 1485 1132 formatum
1517 1093 1692 1131 defendit

209 1164 406 1203 Bucheler.
447 1163 534 1201 Lat.
573 1161 721 1200 Declin.
756 1163 850 1200 202.
888 1183 943 1188 -
987 1163 1081 1200 418.
1129 1157 1359 1200 subv'czclum
1396 1159 1522 1212 flayri
1552 1162 1688 1200 Lamb.

210 1234 489 1283 interpretatur
523 1231 702 1278 „assidue
733 1230 949 1268 subiectum
981 1228 1146 1282 flagro“,
1186 1236 1309 1278 recte,
1341 1231 1415 1268 nisi
1447 1230 1548 1281 quod
1581 1233 1691 1268 certa

209 1302 338 1352 aliqua
361 1314 435 1347 res,
467 1313 545 1338 non
570 1300 764 1349 generalis
795 1301 905 1337 notio
937 1300 1199 1347 significatur3
1232 1313 1346 1348 quam
1380 1312 1472 1337 vero
1504 1312 1583 1337 rem
1615 1298 1689 1337 Ro-

208 1371 309 1408 mani
336 1370 494 1407 nomina
516 1368 683 1406 subiculi
708 1367 1029 1417 significaverint,
1055 1369 1290 1418 ignoramus.
1351 1367 1397 1406 R.
1416 1381 1502 1405 cum
1519 1367 1690 1405 Meursio

212 1436 472 1487 „sudiculum“
508 1437 570 1474 vel
604 1434 884 1483 „suduculum“
920 1436 1043 1474 edidit
1074 1450 1120 1474 ex
1152 1435 1259 1474 Festi
1291 1437 1385 1486 epit.
1410 1450 1449 1487 p.
1471 1437 1570 1474 336:
1607 1448 1689 1484 „se-

209 1507 389 1545 duculum
419 1518 541 1556 genus
564 1504 723 1555 flagelli,
756 1504 860 1554 quod
884 1505 1116 1556 vapulantes
1142 1505 1328 1542 sudantes
1352 1501 1485 1542 facit“.
1532 1505 1688 1554 Inepte3

207 1574 362 1625 flagella
392 1587 469 1613 non
500 1574 680 1611 sudorem
711 1573 780 1611 sed
812 1576 1039 1623 sanguinem
1079 1574 1254 1611 eliciunt.
1286 1592 1339 1598 —-
1378 1574 1472 1611 419.
1520 1568 1690 1622 Compe-

209 1640 332 1691 dium‚
357 1642 405 1681 de
428 1642 524 1680 haec
547 1643 718 1692 genetivi
736 1641 861 1680 forma
876 1655 910 1679 v.
931 1642 1133 1680 Biicheler.
1152 1641 1239 1680 Lat.
1258 1641 1342 1679 Dal.
1365 1642 1458 1679 202.
1505 1650 1534 1679 c.
1554 1637 1688 1688 tritor,

209 1712 276 1761 qui
305 1711 510 1761 compedes
542 1714 706 1757 exercet,
739 1724 773 1748 v.
794 1711 841 1748 ad
869 1710 978 1760 capt.
1010 1711 1103 1748 882.
1138 1729 1186 1736 —-
1212 1707 1494 1758 pistrinormn
1528 1705 1688 1753 ciuitas,

208 1779 274 1818 ubi
312 1780 479 1830 pistrina
515 1779 714 1826 habitant,
763 1779 809 1817 cf.
856 1776 1099 1826 ‚‚stabulum“
1142 1792 1176 1816 v.
1209 1779 1304 1816 417.
1370 1774 1688 1827 „pristinorum“‚

209 1860 321 1898 quam
359 1847 521 1886 formam
562 1847 605 1884 R.
639 1847 779 1897 Opusc.
812 1847 850 1884 II
879 1861 917 1897 p.
951 1848 1030 1886 460
1072 1850 1219 1894 tuetur,
1265 1846 1360 1884 mihi
1405 1858 1535 1883 merus
1581 1857 1690 1882 error

209 1915 376 1953 videtur.
416 1935 471 1940 —
514 1917 608 1954 420.
658 1912 968 1954 Perenni-sorece.
1039 1915 1224 1964 Magnum
1265 1927 1378 1952 servo
1419 1914 1687 1965 opprobrium,

209 1984 352 2022 nullam
389 1998 496 2034 spem
536 1997 630 2031 esse,
670 1984 752 2021 fore
793 1988 838 2021 ut
875 1997 922 2021 ex
953 1985 1141 2022 servitute
1173 1987 1307 2031 exeat,
1352 1982 1477 2033 quod,
1523 1983 1556 2020 si
1585 1982 1689 2030 frugi

210 2055 327 2098 esset,
373 2051 485 2090 facile
530 2053 682 2102 peculio
726 2053 800 2090 sibi
846 2053 1008 2090 collecto
1053 2051 1243 2098 efficeret3
1291 2051 1336 2090 cf.
1369 2051 1463 2089 424.
1506 2051 1599 2089 285.
1639 2049 1688 2087 al.

209 2119 307 2158 Non.
338 2133 376 2170 p.
412 2121 483 2158 11:
534 2122 739 2171 „perennis
770 2118 953 2159 herbae“.
987 2139 1035 2146 -
1071 2117 1206 2168 lurco,
1251 2121 1276 2158 i.
1310 2133 1343 2157 e.
1375 2132 1518 2169 ganeo,
1556 2122 1602 2156 ut
1631 2119 1689 2156 ait

210 2187 355 2226 Probus
385 2203 422 2240 p.
460 2188 578 2235 1449,
612 2193 690 2233 aut,
723 2193 766 2226 ut
797 2189 901 2227 Fest.
934 2189 1006 2240 Ep.
1042 2202 1077 2238 p.
1117 2190 1215 2235 120,
1255 2189 1406 2238 capacis
1443 2187 1543 2237 gulae
1575 2186 1690 2225 homo

210 2259 247 2294 et
275 2256 461 2295 bonorum
492 2270 651 2295 suorum
685 2261 955 2306 consumptor3
988 2258 1034 2294 cf.
1068 2257 1165 2295 Non.
1194 2270 1232 2306 p.
1264 2258 1311 2294 10
1343 2270 1415 2306 sq„
1448 2255 1515 2305 qui
1546 2254 1689 2292 Lucilii

211 2324 446 2375 aliorumque
478 2326 655 2376 exempla
685 2325 810 2363 affert.
872 2326 1032 2364 Sueton.
1067 2326 1195 2363 Gram.
1227 2328 1288 2364 15.
1319 2345 1372 2349 —
1405 2325 1499 2362 423.
1530 2318 1691 2361 nihilne

211 2393 272 2432 vel
305 2389 420 2432 nilne
449 2393 625 2443 Pylades.
665 2413 719 2419 —
758 2395 853 2432 424.
899 2391 1055 2440 solida,
1101 2398 1205 2432 certa
1236 2397 1275 2431 et
1306 2397 1462 2432 aeterna.
1502 2412 1556 2417 -
1595 2392 1688 2429 425.

202 2470 283 2510 pro
312 2457 522 2500 liberanda
555 2459 697 2510 antica,
729 2462 777 2500 cf.
808 2463 897 2500 Aul.
931 2463 1030 2500 448:
1075 2474 1171 2512 „pro
1201 2451 1426 2513 uapulando
1458 2460 1586 2499 hercle
1617 2470 1689 2507 ego

210 2529 277 2568 abs
305 2533 343 2568 te
372 2530 586 2568 mercedem
612 2528 785 2581 petam“.
845 2531 922 2568 Cic.
948 2529 1020 2568 Off.
1053 2530 1119 2578 III,
1153 2533 1188 2575 5,
1222 2532 1286 2568 25.
1334 2531 1419 2568 Liv.
1443 2527 1590 2574 XXIII,
1624 2528 1688 2573 28,

214 2598 276 2636 11.
328 2597 410 2636 val.
442 2598 545 2636 Max.
579 2598 635 2645 II,
671 2600 706 2644 7,
751 2600 813 2636 15.
869 2598 967 2637 Gell.
1000 2598 1110 2646 XVI,
1156 2600 1223 2646 13,
1257 2601 1293 2637 5.
1334 2619 1388 2625 —
1429 2598 1522 2636 427.
1564 2591 1689 2644 Refe-

212 2663 366 2704 naulae
379 2663 551 2716 φάἰῑάε,
579 2666 736 2704 dativus
753 2667 912 2712 consilii,
942 2667 987 2704 cf.
1007 2666 1056 2704 ad
1073 2667 1190 2705 Most.
1212 2668 1304 2705 281.
1351 2668 1460 2705 Asin.
1481 2666 1574 2703 248.
1595 2665 1687 2702 250.

212 2731 309 2771 Rud.
329 2734 448 2772 1361.
479 2734 635 2773 Trucul.
656 2736 748 2773 391.
803 2735 994 2784 Linguam
1025 2734 1162 2782 habeo,
1194 2735 1334 2785 inquit,
1366 2738 1411 2773 ut
1441 2723 1699 2772 maledicenti

211 2800 414 2840 maledicta
438 2802 590 2840 reddat.
652 2803 763 2850 Quod
786 2804 859 2840 nisi
876 2803 1005 2850 faciet,
1039 2813 1258 2854 mmequam
1282 2800 1461 2852 ‹lclmgsct
1476 2799 1614 2847 salma,
1639 2798 1686 2837 cf.
