2009 3218
346 217 427 257 270
1041 211 1163 247 Plauti
1569 208 1618 252 11,
1642 210 1674 253 2,
1701 209 1835 244 13÷30

345 339 458 390 Quia
481 353 559 392 ego
585 338 640 380 ad
663 337 747 380 hoc
773 351 906 390 genus
933 338 1154 380 hominum
1181 337 1348 378 durani.
1404 334 1516 385 Quin
1541 336 1662 390 prius
1687 349 1753 376 me
1777 335 1832 376 ad

1295 407 1432 461 pluris
1461 406 1720 460 penetraui‘?

343 483 456 524 Nam
484 481 529 523 hi
560 495 700 524 mores
731 482 943 523 maiorum
971 480 1165 532 laudant,
1197 478 1371 522 eosdem
1394 478 1576 520 lutitant
1599 491 1708 532 quos
1733 491 1832 520 con-

1295 550 1490 592 laudant.

548 625 679 667 Hisce
712 639 790 678 ego
824 625 876 667 de
907 623 1076 666 artibus
1107 623 1294 677 gratiam
1326 622 1451 673 facio,
1551 618 1553 620 ’

547 698 610 739 Ne
643 697 761 739 colas
793 710 901 738 neue
931 696 1085 737 inbuas
1116 696 1345 748 ingenium.
1769 705 1835 739 295

548 769 644 810 Meo
678 768 805 810 modo
837 773 879 809 et
909 767 1102 809 moribus
1133 767 1272 808 uiuito
1305 766 1522 819 antiquis;

549 840 669 890 Quae
702 854 779 894 ego
811 840 891 881 tibi
921 839 1155 894 praecipio,
1188 852 1239 880 ea
1270 837 1413 879 facito.

548 913 666 954 Nihil
698 926 776 965 ego
808 913 916 953 istos
947 925 1094 952 moror
1124 909 1295 952 faeceos
1327 915 1506 960 mores,‘

550 984 778 1036 Turbidos‚
809 984 967 1039 quibus
999 983 1102 1024 boni
1134 982 1399 1024 dedecorant
1430 994 1488 1022 se.

554 1056 674 1098 Haec
704 1056 784 1098 tibi
817 1057 853 1098 si
885 1069 982 1097 mea
1011 1055 1195 1109 imperia
1225 1068 1439 1108 capesses,
1770 1064 1838 1098 300

552 1128 690 1170 Multa
721 1128 838 1169 bona
867 1128 910 1168 in
943 1133 1120 1180 pectore
1152 1126 1388 1168 consident.

958 1207 1026 1261 Ly
1037 1207 1078 1248 si
1090 1211 1109 1248 t
1119 1207 1200 1248 ele
1215 1220 1234 1247 s

349 1280 526 1334 Semper
558 1294 636 1333 ego
669 1293 806 1333 usque
831 1279 884 1321 ad
911 1279 1023 1320 hanc
1047 1282 1234 1320 aetatem
1261 1278 1314 1319 ab
1339 1279 1514 1318 ineunte
1539 1275 1840 1317 adulescentia

346 1352 448 1393 Tuis
480 1352 641 1394 seruiui
672 1353 930 1393 seruitutem
961 1351 1154 1404 imperiis
1187 1350 1444 1404 praeceptis,
1476 1352 1612 1402 pater.

346 1425 429 1466 Pro
456 1424 628 1477 ingenio
654 1438 732 1477 ego
758 1438 824 1464 me
848 1423 1035 1465 liberum
1061 1436 1155 1464 esse
1179 1427 1304 1463 ratus
1330 1435 1438 1471 sum,
1470 1435 1549 1474 pro
1565 1420 1746 1474 imperio
1763 1424 1838 1462 tuo
1905 1425 1912 1430 '

347 1497 491 1538 Meum
523 1497 714 1538 animum
746 1496 826 1537 tibi
859 1496 1114 1537 seruitutem
1145 1494 1313 1536 seruire
1344 1506 1528 1547 aequom
1561 1492 1719 1534 censui.
1774 1502 1841 1536 305

677 1625 680 1628 Δ
1002 1573 1186 1616 Philto

350 1649 432 1700 Qui
464 1648 590 1690 homo
622 1662 718 1689 cum
750 1648 893 1689 animo
922 1647 1021 1688 inde
1048 1646 1102 1688 ab
1129 1647 1306 1688 ineunte
1333 1649 1474 1686 aetate
1503 1644 1723 1698 depugnat
1745 1656 1837 1694 suo,

349 1721 505 1763 Utrum
538 1721 655 1762 itane
681 1734 777 1761 esse
802 1719 995 1769 mauelit,
1027 1723 1076 1760 ut
1107 1732 1204 1760 eum
1237 1718 1405 1759 animus
1438 1729 1621 1770 aequom
1648 1717 1843 1765 censeat,

350 1795 415 1835 An
446 1795 508 1834 ita
540 1793 686 1846 potius
718 1796 766 1833 ut
797 1795 999 1845 parentes
1031 1805 1128 1832 eum
1161 1804 1257 1832 esse
1291 1794 1334 1831 et
1365 1789 1539 1843 cognati
1570 1788 1728 1829 uelint:

352 1866 397 1908 Si
429 1867 596 1907 animus
627 1864 842 1906 hominem
874 1863 1061 1917 pepulit,
1093 1867 1239 1904 actum
1271 1867 1358 1911 est,
1391 1862 1533 1903 animo
1565 1861 1719 1911 seruit,
1752 1872 1836 1901 non

1301 1933 1403 1984 sibi;

355 2009 399 2051 Si
417 2010 507 2063 ipse
525 2010 713 2050 animum
739 2007 920 2062 pepulit,
945 2006 1047 2047 dum
1071 2006 1194 2055 uiuit,
1220 2006 1363 2046 uictor
1386 2005 1601 2046 uictorum
1618 2003 1746 2045 cluet.
1772 2013 1839 2047 310

352 2082 415 2122 Tu
454 2082 489 2122 si
529 2081 719 2122 animum
762 2079 908 2121 uicisti
955 2079 1100 2132 potius
1139 2092 1269 2131 quam
1308 2078 1478 2118 animus
1516 2080 1578 2127 te,
1618 2080 1684 2117 est
1721 2074 1838 2129 quod
1911 2101 1918 2103 Δ

1301 2149 1502 2202 gaudeas.

350 2225 494 2267 Nimio
527 2225 688 2266 satiust
718 2228 766 2265 ut
797 2237 905 2278 opus
937 2227 1003 2264 est
1032 2226 1075 2264 te
1098 2223 1161 2264 ita
1183 2235 1276 2264 esse
1301 2234 1430 2275 quam
1456 2226 1504 2262 ut
1527 2221 1670 2262 animo
1696 2218 1837 2270 lubet3
1872 2240 1876 2247 ·
1907 2249 1910 2264 ,

467 2389 532 2422 293
557 2388 708 2421 latitant
789 2397 880 2430 quos
907 2383 1132 2420 conlaudant
1156 2393 1221 2419 om.
1250 2383 1280 2418 G
1358 2384 1425 2417 294
1449 2382 1515 2416 His
1539 2382 1573 2415 A
1662 2385 1700 2416 te
1774 2381 1839 2416 295

355 2445 434 2480 Neu
506 2456 597 2479 neue
616 2443 662 2487 B,
688 2455 757 2477 neu
780 2443 807 2477 G
875 2443 942 2476 297
967 2441 1173 2487 praecipito
1201 2445 1237 2474 et
1261 2440 1372 2474 facito
1392 2438 1460 2474 BC
1527 2440 1594 2473 298
1619 2437 1675 2473 fac
1700 2449 1762 2473 eos
1775 2436 1843 2472 Bc

354 2503 420 2536 299
445 2505 483 2535 et
507 2500 675 2535 turbidos
701 2499 768 2533 Ba
859 2499 966 2533 bonis
991 2498 1023 2531 A
1116 2499 1179 2532 301
1208 2498 1255 2531 bo
1282 2496 1317 2531 Β

430 2558 524 2592 Ante
547 2559 629 2590 302:
661 2555 932 2589 LYSlTELES
960 2552 1274 2589 ADULESCENS
1300 2552 1471 2587 PHILIO
1497 2551 1658 2586 SENEX
1683 2551 1710 2586 C
1736 2550 1765 2586 C

355 2616 421 2649 303
446 2614 513 2647 'I'ui
541 2613 609 2648 BG
683 2614 846 2657 imperiis
873 2618 910 2646 et
935 2613 1132 2657 praeceptis
1211 2612 1276 2645 304
1301 2613 1428 2653 raptus
1456 2609 1484 2643 Ο
1551 2611 1616 2643 306
1641 2607 1780 2642 ineunti
1804 2605 1840 2641 Β

355 2673 422 2706 307
448 2670 576 2705 Utrum
604 2670 641 2703 id
667 2670 789 2703 intane
820 2670 884 2704 BG
971 2670 1038 2704 308
1063 2669 1228 2712 parentis
1251 2667 1318 2701 BG
1408 2668 1473 2699 309
1499 2666 1691 2700 hominum
1715 2664 1750 2700 Β

357 2728 517 2773 perpulit
543 2730 663 2760 actum
689 2726 717 2759 si
744 2725 811 2760 BG
895 2726 1060 2760 seruauit
1085 2724 1152 2759 ΒΟ
1225 2726 1292 2758 310
1317 2724 1496 2757 uirtutum
1523 2722 1555 2756 A
1638 2723 1704 2756 312
1726 2720 1838 2756 satius

358 2786 410 2820 tui
439 2784 506 2820 BC
596 2775 710 2828 Opust„
803 2783 906 2816 iubet
