2009 3218
344 218 421 257 158
1018 215 1139 250 Plauti
1543 217 1608 259 IV,
1634 221 1667 261 4,
1691 221 1825 254 „ae—‚44

939 339 1227 382 Daemones

345 411 483 453 Uerbo
513 410 588 451 illo
619 411 745 452 modo
777 411 850 452 ille
879 411 998 453 uicit.
1060 411 1172 462 Quid
1202 426 1316 454 nunc
1347 417 1394 454 tu
1424 414 1520 455 uis?
1551 414 1620 456 dic
1650 414 1764 456 mihi.

939 514 1219 556 Trachalio

337 584 546 637 Equidem
573 598 649 637 ego
675 599 815 647 neque
843 589 1011 639 partem
1037 600 1168 640 posco
1195 586 1299 627 mihi
1315 587 1445 628 istinc
1462 587 1515 628 de
1532 587 1642 629 istoc
1660 587 1821 639 nidulo,

337 657 487 710 Neque
507 670 645 698 meum
664 669 757 697 esse
775 656 902 699 hodie
919 671 1124 710 umquam
1143 657 1250 710 dixi3
1282 658 1357 700 sed
1383 659 1454 700 isti
1475 659 1590 700 inest
1607 658 1823 702 cistellula

338 727 476 770 Huius
510 727 716 780 mulieris,
748 742 878 782 quam
910 729 1072 771 dudum
1105 729 1192 770 dixi
1222 729 1356 771 fuisse
1387 729 1584 772 liberam.
1738 741 1824 776 1066

936 831 1228 874 Daemones

336 903 498 957 Nempe
529 906 577 944 tu
607 902 720 944 hanc
751 902 878 953 dicis,
922 917 1050 957 quam
1090 917 1183 945 esse
1220 903 1342 946 aibas
1381 903 1540 945 dudum
1571 904 1823 959 popularem

1287 976 1457 1017 meam?

938 1069 1217 1112 Trachalio

337 1141 592 1183 Admodum.
655 1142 708 1183 Et
740 1156 791 1183 ea
823 1155 933 1196 quae
965 1141 1066 1183 olim
1099 1155 1236 1196 parua
1266 1143 1458 1195 gestauit
1489 1143 1725 1196 crepundia

335 1213 412 1254 Isti
442 1214 486 1254 in
515 1214 601 1255 ista
632 1213 787 1256 cistula
818 1215 978 1264 insunt,
1013 1227 1124 1267 quae
1154 1214 1228 1255 isti
1260 1215 1372 1256 inest
1401 1214 1444 1255 in
1475 1214 1637 1255 uidulo.

335 1284 427 1327 Hoc
457 1299 597 1339 neque
627 1286 700 1328 isti
732 1300 833 1327 usus
865 1291 930 1327 est
961 1289 1004 1327 et
1035 1285 1098 1326 illi
1123 1286 1307 1327 miserae
1335 1287 1557 1340 suppetias
1580 1286 1702 1337 feret,
1736 1297 1823 1331 1070

336 1357 380 1399 Si
410 1357 455 1398 id
487 1357 668 1408 dederit,
702 1358 776 1411 qui
808 1371 910 1400 suos
942 1362 1146 1411 parentes
1178 1362 1374 1412 quaerat.

937 1460 1225 1502 Daemones

1300 1532 1488 1575 Faciam·
1507 1536 1556 1574 ut
1587 1533 1682 1584 det;
1714 1537 1819 1575 tace.

981 1612 1181 1663 Gripas

338 1683 456 1726 Nihil
487 1684 633 1727 hercle
665 1698 742 1738 ego
775 1699 868 1726 sum
900 1684 970 1726 isti
1002 1684 1195 1726 daturus.

943 1788 1216 1829 Trachalio

1224 1859 1343 1901 Nihil
1374 1862 1475 1913 peto
1507 1858 1590 1901 nisi
1621 1858 1820 1901 cistulam

339 1916 394 1958 Et
423 1916 669 1970 crepundia.

988 2011 1184 2063 Gripus

722 2082 846 2133 Quid,
880 2084 915 2125 si
948 2097 999 2125 ea
1031 2087 1132 2125 sunt
1161 2083 1322 2125 aurea?

939 2185 1214 2228 Trachalio

1384 2256 1495 2306 Quid
1526 2257 1637 2299 istuc
1668 2256 1772 2298 tua?

337 2331 498 2370 Aurum
532 2343 637 2370 auro
670 2329 954 2383 expendetur,
996 2334 1223 2384 argentum
1256 2334 1436 2383 argento
1469 2328 1818 2383 exaequabimus.

984 2432 1178 2484 Gripus

339 2502 424 2544 Fac
455 2503 514 2545 sis
546 2516 698 2545 aurum
730 2509 778 2545 ut
809 2504 1003 2556 uideam3
1049 2509 1151 2558 post,
1191 2517 1267 2558 ego
1305 2503 1464 2545 faciam
1502 2506 1552 2544 ut
1581 2503 1733 2545 uideas
1763 2502 1820 2545 ci-

1283 2575 1455 2617 stulam.
1734 2585 1819 2620 1075

453 2734 539 2767 1065
565 2733 719 2781 dixisset
742 2733 805 2767 isti
833 2733 862 2768 G
956 2735 1040 2768 1067
1066 2734 1189 2769 alebas
1284 2734 1369 2769 1069
1394 2734 1484 2768 Istic
1565 2733 1649 2768 istic
1733 2733 1818 2767 1070

338 2791 469 2825 misere
494 2791 528 2826 B
624 2792 705 2824 1071
733 2790 764 2824 it
788 2790 822 2823 B
917 2793 1002 2825 1074
1027 2791 1268 2836 exequabitur
1293 2790 1328 2825 B
1425 2791 1510 2824 1075
1535 2789 1642 2825 Facis
1669 2801 1795 2824 aurum
