2009 3218
802 209 841 243 V.
872 212 1058 246 113—182.
1594 219 1675 256 409

193 344 253 380 eet
281 336 416 376 deus“.
463 337 510 375 cf.
543 336 685 374 Laber.
718 351 752 375 v.
787 339 852 374 69.
901 338 1075 377 Mam-ob.
1109 340 1187 377 Sat.
1222 341 1276 386 11,
1310 344 1355 387 2,
1389 344 1426 379 4.
1496 342 1674 379 Facetias

191 421 267 448 nou
297 407 464 457 optimas
493 405 671 455 proxime
702 406 881 456 explicat.
952 406 1157 445 Lavabant
1196 408 1371 447 homines
1402 414 1491 448 ante
1522 424 1672 458 censum

190 476 258 515 hos
286 478 377 526 post
406 486 540 510 cenam
573 473 723 510 lavasse
754 478 936 524 apparet,
983 488 1070 512 num
1103 478 1179 513 iam
1213 489 1322 513 mane
1354 477 1452 515 lauti
1483 483 1591 525 sunt,
1631 483 1676 516 ut

188 542 341 595 prandii
372 552 488 579 causa
518 541 671 578 lavasse
702 541 922 580 videantur.
985 542 1149 581 Lavatio
1173 548 1303 581 autem
1328 546 1573 596 naufragium
1601 550 1672 585 est.

189 631 243 638 —
283 613 372 649 152.
420 603 696 656 Confracla..
740 606 824 648 illis
855 611 1031 648 Daemoui
1063 612 1171 658 dedi,
1209 614 1431 662 superiores
1462 627 1588 653 servo.
1620 635 1673 640 —

191 680 266 719 154
304 679 417 717 affert
457 677 642 716 Priscian.
676 679 730 716 111
768 692 806 729 p.
840 679 933 716 614.
979 699 1034 704 —
1078 676 1337 718 Ilommzoulz'
1374 679 1522 731 quanti
1558 680 1671 731 estis,

187 747 234 786 cf.
266 746 378 799 Capt.
413 748 477 785 51.
516 765 562 773 —-
609 744 724 785 eiecti
759 747 807 786 ut
842 747 993 786 natant
1023 748 1109 785 edd.
1153 768 1205 773 -—
1248 750 1337 787 155.
1378 745 1413 796 i,
1448 765 1482 788 v.
1516 751 1670 802 Proleg.

185 831 223 868 p.
255 817 347 854 212.

299 885 390 922 159.
438 879 652 923 Palaemon
691 888 730 922 et
767 884 992 922 Leucothea
1031 887 1154 922 mater
1190 886 1273 922 eius
1312 885 1367 923 dii
1397 887 1556 934 marini,
1605 889 1669 937 qui

184 956 412 1004 tempestate
450 953 723 991 laborantibus
762 965 874 1002 opem
913 953 1016 990 ferre
1056 952 1336 1001 credebantur,
1384 959 1423 991 et
1453 957 1492 992 in
1522 955 1671 994 Isthmo

184 1027 224 1060 et
251 1023 291 1060 in
321 1022 407 1059 aliis
438 1022 534 1059 locis
565 1021 806 1068 colebantur,
839 1035 873 1059 v.
898 1021 1082 1072 Apollod.
1107 1022 1175 1070 III,
1201 1023 1237 1070 4,
1266 1023 1304 1060 3.
1349 1022 1463 1061 Paus.
1491 1023 1541 1070 II,
1569 1025 1605 1070 2,
1637 1027 1669 1062 1.

183 1090 342 1129 Preller.
374 1089 441 1128 Gr.
474 1089 641 1137 Mythol.
675 1089 691 1126 I
721 1103 760 1139 p.
788 1091 881 1128 379.
942 1090 1055 1137 Quod
1087 1094 1215 1128 autem
1248 1090 1420 1138 additur,
1454 1105 1542 1129 eum
1575 1094 1669 1130 Her-

184 1159 278 1197 culis
307 1159 451 1196 socium
483 1172 565 1196 esse
597 1158 686 1206 dici,
719 1159 758 1196 id
789 1171 951 1209 prorsus
982 1158 1212 1197 incredibile
1244 1163 1324 1207 est;
1366 1173 1508 1210 quare,
1550 1173 1668 1210 quum

183 1227 295 1265 etiam
328 1240 464 1265 versus
495 1227 751 1270 claudicaret,
785 1227 872 1265 edd.
906 1232 1181 1265 correxerunt:
1220 1229 1391 1277 „quique
1422 1228 1581 1266 hercule
1613 1229 1667 1266 illi

181 1293 352 1343 socius“;
383 1297 526 1333 rectius
545 1296 603 1333 Fl.
623 1298 800 1346 ineptum
825 1308 981 1333 versum
1009 1296 1180 1334 seclusit.
1199 1316 1254 1321 —
1282 1298 1371 1334 165.
1404 1294 1553 1335 rectius
1577 1297 1668 1335 add.

181 1363 285 1402 Reiz.
317 1383 371 1389 —
413 1365 490 1402 166
530 1363 645 1402 affert
674 1364 824 1402 Nonius
855 1377 892 1414 p.
929 1365 1007 1402 519
1046 1368 1187 1402 omisso
1229 1363 1355 1412 „me“.
1388 1385 1442 1391 -—
1478 1367 1667 1404 168-69

180 1433 311 1483 spuria
343 1432 636 1470 circumlocutio
668 1437 727 1470 est
756 1446 938 1470 versuum
984 1434 1187 1471 170—71.
1257 1433 1309 1471 Et
1347 1429 1467 1472 eiecit
1503 1447 1667 1484 pravum

181 1505 256 1550 eet,
301 1514 420 1551 quum
459 1501 667 1539 antecedat
703 1498 857 1551 fluctus
896 1502 1040 1551 plurali
1078 1515 1258 1549 numero,
1305 1515 1376 1540 nec
1413 1498 1541 1541 altera
1579 1503 1668 1552 plus

180 1583 293 1620 quam
324 1569 382 1607 bis
405 1569 482 1607 diei
506 1574 649 1620 potest,
681 1574 720 1608 et
743 1570 804 1607 hic
830 1570 914 1607 duae
939 1569 1029 1607 solae
1053 1570 1237 1607 mulieres
1263 1574 1366 1608 sunt.
1428 1570 1487 1608 Fl.
1512 1575 1668 1620 partein

179 1639 260 1676 veri
289 1638 400 1683 vidit,
432 1638 537 1688 quod
561 1652 596 1676 v.
629 1640 705 1676 168
731 1639 902 1685 seclusit,
936 1637 1002 1676 sed
1028 1639 1162 1676 omnia
1184 1638 1371 1686 turbavit,
1404 1638 1508 1689 quod
1535 1641 1667 1688 proxi-

179 1719 325 1746 morum
364 1720 433 1745 sex
470 1719 651 1745 versuum
692 1707 868 1745 ordinem
906 1707 1011 1744 inter
1042 1720 1082 1743 se
1112 1708 1367 1755 permutavit.
1400 1727 1454 1732 —
1493 1717 1668 1757 euyepae

178 1773 352 1814 Cam.—-
381 1777 472 1814 170.
513 1770 647 1814 Uiclen
678 1775 766 1813 edd.
792 1796 847 1800 -
869 1775 916 1814 ut
946 1770 1074 1820 eiecit,
1107 1788 1143 1812 v.
1168 1775 1217 1812 ad
1235 1775 1375 1826 Amph.
1398 1777 1459 1813 17.
1520 1776 1665 1826 Ampe-

178 1843 271 1882 lisca
307 1844 571 1892 significatur‚
613 1858 646 1882 v.
684 1845 777 1882 199.
815 1864 871 1869 —
919 1845 1010 1881 171.
1054 1852 1098 1882 Se
1128 1844 1325 1892 capessit,
1373 1858 1410 1883 v.
1443 1844 1494 1881 ad
1523 1843 1665 1894 Amph.

180 1913 271 1951 258.
309 1932 364 1937 —
407 1909 529 1950 salua
560 1922 646 1959 res,
694 1926 746 1950 sc.
780 1917 858 1961 est,
898 1927 934 1950 v.
968 1911 1017 1949 ad
1048 1911 1159 1962 Capt.
1194 1913 1288 1950 487.
1330 1932 1386 1937 —-
1435 1914 1511 1952 175
1553 1913 1667 1950 affert

177 1979 360 2018 Priscian.
384 1981 456 2018 XV
486 1995 525 2031 p.
559 1983 663 2019 1013
696 1994 767 2031 pro
799 1978 833 2018 it
860 1979 969 2027 „est“
1004 1980 1191 2018 scribens.
1253 1980 1380 2027 Quum
1411 1982 1487 2018 iam
1520 1981 1664 2019 salvam

177 2049 365 2096 crederet,
397 2061 520 2087 novus
551 2051 670 2086 timor
701 2051 847 2096 oritur;
879 2063 967 2086 nam
1000 2062 1134 2087 errore
1166 2050 1206 2086 in
1237 2048 1417 2087 dextram
1443 2053 1599 2100 partem
1625 2063 1666 2087 se

177 2118 390 2165 convertit,
436 2122 480 2155 ut
524 2119 563 2154 in
603 2120 691 2156 avia
732 2121 770 2155 et
809 2117 1031 2168 periculosa
1070 2117 1198 2155 abeat.
1245 2137 1299 2142 -—
1346 2119 1436 2155 177.
1483 2115 1667 2167 capessit

177 2185 317 2223 omisso
351 2183 464 2234 „se“;
496 2186 565 2223 sed
594 2199 667 2235 pro
703 2184 796 2232 „ea“
833 2195 877 2223 se
908 2185 1155 2223 scribendum
1183 2186 1352 2224 videtur.
1379 2205 1433 2211 —-
1458 2181 1511 2224 Si
1540 2183 1662 2234 cadit,

176 2253 222 2292 cf.
253 2254 303 2292 ad
324 2254 444 2292 Stich.
475 2255 567 2292 537.
600 2273 656 2278 —
691 2255 780 2291 178.
812 2248 959 2300 fecerit
988 2251 1271 2302 conpendiwn,
1304 2268 1341 2292 v.
1367 2254 1416 2292 ad
1440 2255 1548 2292 Asin.
1569 2256 1661 2294 305.

176 2320 260 2360 Non
291 2323 458 2372 amplius
490 2321 650 2368 errabit,
684 2335 771 2359 nam
803 2321 963 2371 peribit.
997 2341 1049 2347 —
1085 2323 1174 2359 179.
1193 2334 1195 2337 ’
1217 2320 1266 2361 (Ie
1296 2319 1469 2361 illarum
1498 2321 1664 2372 uesperi

176 2387 418 2428 Camerarius
457 2388 512 2427 exv
544 2390 629 2428 Mil.
669 2391 764 2428 990.
803 2409 857 2414 —
902 2390 994 2427 180.
1033 2386 1140 2438 illis,
1189 2403 1225 2428 v.
1259 2391 1308 2428 ad
1342 2391 1433 2429 146.
1474 2411 1528 2416 -
1570 2393 1661 2430 181.

176 2466 220 2496 e8
249 2457 337 2495 add.
363 2457 422 2495 ed.
448 2471 530 2508 pr.;
562 2457 645 2495 Fi:
682 2458 748 2505 „Si
782 2463 878 2508 aput
911 2458 998 2495 med
1030 2453 1213 2506 essuru's,
1244 2451 1341 2497 mihi
1374 2459 1497 2497 dicari
1528 2472 1562 2498 0.
1581 2460 1662 2506 u.“‚

176 2525 279 2576 quod
314 2527 399 2563 iure
437 2527 713 2576 improbarunt
749 2526 928 2563 Mueller.
961 2525 1122 2563 Nachtr.
1154 2541 1192 2577 p.
1227 2529 1263 2565 9.
1324 2527 1466 2566 Luchs.
1500 2528 1612 2566 Stud.
1644 2528 1662 2565 I

174 2606 213 2644 p.
245 2595 309 2632 22.
343 2613 391 2619 -
431 2595 522 2632 182.
554 2590 724 2633 Bonum
757 2604 1006 2644 aequomque
1036 2604 1146 2642 oras,
1179 2608 1214 2631 v.
1248 2595 1297 2632 ad
1328 2595 1439 2646 Capt.
1474 2598 1567 2635 332.
