2009 3218
183 171 228 215 11,
254 172 285 213 2,
313 170 443 204 18-—30
786 170 1046 206 Truculentus.
1580 178 1631 217 35
1639 176 1659 213 7

761 296 1074 350 Astaphium

180 368 302 413 Nunc
333 367 488 421 places,
520 382 650 421 quom
682 367 784 409 mihi
817 368 1098 410 inclementer
1129 369 1247 412 dicis.

761 448 1067 501 Stratyllax

949 518 1062 569 Quid
1094 520 1174 562 hoc
1205 521 1319 575 quod
1355 526 1396 564 tc
1436 525 1570 577 rogo?
1596 537 1662 571 270

179 590 435 644 Mancupion
468 591 541 644 qui
574 591 762 645 accipias
794 597 940 644 gestas
972 596 1112 633 tecum
1147 591 1306 634 ahenos
1337 594 1539 644 anulos·.³.

178 662 333 716 Pignus
366 662 434 711 da,
467 663 508 703 ni
540 662 707 716 ligneae
741 663 847 705 haec
879 664 965 705 sint
996 677 1103 717 quas
1136 664 1268 706 habos
1303 666 1528 709 Victorias.

760 754 1081 808 Astaphium

176 809 239 852 Ne
269 810 429 863 attigas
461 823 539 851 me.

771 883 1066 937 Stratyllax

532 954 640 995 Tene
670 968 742 1007 eqo
774 955 976 1008 tangam?
1038 955 1105 997 Ita
1137 969 1201 997 me
1235 956 1399 998 amabit
1431 958 1659 1009 sarculum,

176 1025 233 1067 Ut
262 1039 341 1079 ego
374 1028 443 1066 me‘
470 1026 555 1067 ruri
589 1026 827 1080 amplexari
862 1027 1061 1069 mauelim
1095 1028 1289 1082 patulam
1322 1028 1476 1071 bouem

175 1095 364 1152 Cumque
396 1111 446 1139 ea
477 1104 644 1140 noctem
677 1099 719 1140 in
753 1100 1002 1142 stramentis
1037 1105 1292 1154 pernoctare
1325 1107 1560 1155 perpetem,
1595 1115 1660 1148 275

175 1169 310 1221 Quam
341 1173 440 1211 tuas
472 1175 642 1212 centum
676 1176 851 1212 cenatas
882 1176 1031 1213 noctes
1065 1172 1167 1214 mihi
1201 1172 1315 1215 dono
1348 1172 1455 1215 dari.

177 1242 264 1284 Rus
294 1246 342 1284 tu
373 1241 476 1284 mihi
509 1242 770 1297 opprobras;
802 1248 850 1285 ut
880 1249 1040 1286 nancta
1071 1259 1115 1286 es
1146 1244 1381 1297 hominem,
1424 1260 1552 1300 quem
1584 1262 1659 1301 pu-

1119 1316 1219 1359 deat
1251 1317 1418 1372 probri!

173 1384 256 1428 Sed
287 1385 390 1440 quid
422 1386 538 1440 apud
569 1391 742 1429 nostras
773 1389 919 1441 negoti
951 1389 1104 1430 mulier
1135 1394 1202 1431 est
1233 1388 1353 1432 aedis
1383 1390 1493 1432 tibi?

174 1456 284 1507 Quid
308 1462 356 1500 tu
379 1457 462 1500 huc
479 1471 689 1510 occursas‚
720 1460 763 1500 in
787 1460 938 1502 urbem
965 1462 1352 1515 quotienscumque
1369 1461 1658 1505 aduenimus?

748 1552 1071 1606 Astaphium

172 1620 376 1664 Mulieres
410 1621 510 1664 uolo
543 1624 771 1665 conuenire
804 1628 989 1665 nostras.

755 1715 1064 1768 Stratyllax

1050 1786 1165 1837 Quas
1197 1792 1244 1829 tu
1276 1787 1477 1829 mulieres
1590 1800 1658 1833 250

170 1855 275 1898 Mihi
306 1857 485 1899 narras?
516 1857 590 1898 ubi
623 1871 769 1900 musca
800 1858 918 1900 nulla
949 1858 1109 1901 femina
1140 1864 1206 1901 est
1236 1860 1279 1900 iu
1311 1860 1504 1903 aedibus.

755 1938 1070 1992 Astaphium

170 2006 325 2050 Nullan
357 2008 512 2051 mulier
542 2011 640 2051 istic
670 2010 874 2052 habitat?

751 2090 1061 2144 Stratyllax

929 2162 1016 2203 Rus
1049 2162 1263 2214 abierunt,
1294 2163 1484 2218 inquam.
1547 2164 1641 2206 Abi.

279 2297 347 2331 270
371 2308 453 2332 cum
479 2308 537 2331 me
562 2298 613 2331 illi
640 2298 696 2333 uel
722 2298 909 2332 iumentiri
936 2298 980 2339 B,
1014 2297 1125 2332 came
1152 2298 1204 2331 illi
1231 2298 1340 2333 uelim
1367 2300 1514 2333 mentiri
1541 2301 1570 2335 G

168 2351 237 2387 hoc
262 2362 325 2388 om.
353 2352 421 2389 BC
511 2356 574 2388 271
602 2354 840 2399 Mancupium
866 2354 933 2389 BC
1025 2358 1128 2399 gesta
1151 2354 1220 2390 BG
1255 2398 1259 2402 4
1317 2366 1431 2391 aenos
1456 2357 1584 2392 anulos
1609 2358 1655 2400 A,

167 2407 212 2443 he
236 2421 304 2444 nos
329 2421 375 2445 an
401 2422 466 2445 uos
490 2410 560 2446 BG
637 2413 703 2445 272
729 2411 871 2455 Dignus
897 2412 987 2446 dant
1011 2411 1158 2446 lauiniae
1183 2411 1253 2447 ΒΟ
1330 2412 1399 2447 hae
1425 2413 1502 2449 sint
1525 2413 1571 2453 A,
1595 2414 1656 2449 hic

169 2469 253 2501 suut
265 2465 335 2502 Bc
400 2469 465 2502 273
481 2469 643 2512 attingas
657 2470 702 2511 A,
720 2469 851 2503 atticas
866 2467 933 2503 BC
1001 2469 1101 2503 Tene
1117 2480 1183 2511 ego
1197 2479 1263 2504 om.
1278 2468 1345 2504 BC
1414 2471 1480 2505 274
1494 2471 1655 2506 meruria

169 2533 315 2558 exarmat
340 2536 411 2559 ueu
436 2525 480 2568 B,
506 2537 562 2559 mc
590 2527 724 2559 ruriam
751 2537 881 2559 exarna
906 2525 1015 2558 uelim
1046 2525 1075 2560 C'
1149 2526 1278 2570 patulfi
1302 2527 1430 2561 uoueri
1457 2526 1523 2562 BG
1589 2529 1655 2562 275

169 2577 300 2624 Cumq;
326 2581 378 2616 ita
391 2585 539 2616 noctem
555 2581 622 2617 BG
691 2582 868 2626 perpetim
884 2580 958 2624 Bo,
984 2583 1165 2626 perpetim
1187 2583 1313 2618 totaA
1384 2584 1450 2617 276
1477 2584 1655 2628 patriBC

167 2635 233 2670 277
256 2636 409 2671 Rustum
436 2638 583 2672 iodbras
610 2637 678 2673 BC
774 2643 829 2672 est
855 2639 897 2680 A,
925 2650 1002 2673 esse
1028 2638 1097 2674 BC
1196 2642 1261 2674 278
1287 2640 1332 2675 ad
1358 2640 1392 2674 A
1492 2642 1559 2675 279
1582 2641 1652 2675 huc

169 2702 341 2728 occurras
365 2693 433 2730 BG
533 2697 600 2729 2εο
624 2696 823 2729 conuenire
851 2696 935 2729 uolo
960 2695 1025 2730 BC
1127 2709 1218 2740 quos
1246 2697 1275 2732 G
1380 2698 1445 2732 282
1474 2697 1580 2732 Nulla
1604 2697 1650 2736 Β,

170 2749 269 2783 nulla
296 2749 325 2785 Ο
414 2752 525 2786 istinc
552 2752 681 2785 mulier
710 2751 776 2785 BC
865 2752 1011 2795 inquam
1039 2753 1209 2788 abierunt
1235 2754 1319 2798 pabi
1344 2753 1411 2789 BG
