2009 3218
373 226 422 264 72
1045 218 1167 253 Plauti
1540 218 1602 261 IV,
1631 220 1660 263 1,
1685 220 1811 262 20—2,
1832 221 1853 253 5

1004 343 1222 384 ,Toxilus

372 419 498 461 Moue
529 431 703 468 manus3
736 429 934 470 propera,
966 416 1222 469 Paegnium3
1253 415 1375 456 tarde
1408 415 1586 470 cyathos
1617 415 1721 457 mihi
1752 416 1851 467 das3

1317 487 1421 528 cedo
1454 501 1570 528 sane.
1789 499 1852 532 '771

373 562 488 604 Bene
518 560 640 603 mihi!
682 559 791 602 bene
821 559 961 602 uobis!
1005 558 1113 601 bene
1143 572 1263 600 meae
1295 559 1479 600 amicae!
1541 558 1729 613 Optatus
1762 559 1852 601 dies

1318 630 1445 672 datus
1474 631 1544 673 hic
1575 630 1678 672 mihi

373 703 510 746 Hodie
542 709 606 745 est
637 703 691 745 ab
725 703 803 755 dis,
834 704 936 757 quia
964 708 1007 745 te
1038 703 1142 744 licet
1171 702 1354 744 liberam
1384 717 1450 744 me
1481 703 1698 757 amplecti.

938 797 1302 838 Lemni-selena

1392 868 1484 910 Tua
1513 867 1676 910 sactum
1709 882 1854 922 opera.

1014 941 1221 981 Toxilus

373 1014 488 1056 Bene
521 1013 716 1055 omnibus
747 1012 887 1055 nobis!

929 1099 996 1140 Le
1013 1099 1304 1140 muiselena

532 1171 626 1212 Hoc
641 1185 737 1213 mea
755 1185 905 1212 manus
923 1175 1024 1212 tuae
1041 1171 1242 1224 poculum
1260 1171 1402 1220 donat,
1420 1175 1468 1212 ut
1485 1176 1700 1212 amantem
1719 1171 1854 1213 decet.

1010 1266 1227 1307 Toxilus

375 1322 502 1365 Cedo.

937 1394 1295 1436 Lemniselena

432 1453 600 1505 Accipe.

1009 1522 1229 1564 Toxilus

490 1595 602 1637 Bene
620 1596 671 1647 ei,
690 1596 764 1649 qui
780 1594 944 1636 inuidet
963 1594 1077 1647 mihi,
1095 1600 1138 1636 et
1154 1595 1204 1646 ei,
1223 1596 1294 1648 qui
1312 1595 1393 1636 hoc
1408 1595 1562 1648 yaudio
1580 1595 1761 1649 gaudet!
1787 1606 1853 1639 7¹75

567 1834 611 1876 D
620 1833 828 1876 ORDAL
839 1833 912 1876 US
969 1833 1156 1875 TOXIL
1167 1834 1207 1876 U
1207 1834 1239 1876 S
1296 1834 1370 1876 SA
1380 1832 1667 1876 GARISTIO

684 1905 1104 1947 LEMNISELEN
1100 1907 1141 1948 Α
1202 1906 1328 1948 PAE
1334 1905 1453 1948 GN]
1457 1905 1498 1948 U
1498 1906 1559 1947 M.

984 2034 1255 2076 Dordalus

378 2106 459 2157 Qui
490 2112 591 2149 sunt
629 2107 785 2161 quique
825 2112 951 2149 erunt
989 2108 1150 2162 quique
1188 2107 1364 2149 fuerunt
1402 2109 1563 2160 quique
1594 2106 1729 2148 futuri
1759 2111 1862 2148 sunt

1321 2179 1517 2234 posthac,

378 2250 502 2293 Solus
533 2264 611 2304 ego
643 2249 840 2292 omnibus
872 2251 1044 2293 antideo
1077 2250 1215 2303 facile,
1252 2252 1532 2293 miserrumus
1562 2251 1784 2293 hominum
1813 2254 1862 2292 ut

1323 2324 1483 2364 uiuam.

376 2395 501 2444 Perii,
527 2395 684 2436 interii.
733 2394 965 2436 pessumus
984 2395 1053 2436 hic
1069 2395 1173 2436 mihi
1192 2395 1282 2438 dies
1300 2395 1426 2437 hodie
1444 2394 1598 2436 inluxit
1614 2398 1860 2448 con-upton

378 2467 446 2508 Ita
478 2480 544 2508 ine
575 2465 752 2508 Toxilus
784 2466 1098 2520 perfabricauit
1127 2468 1276 2520 itaque
1307 2480 1446 2508 meam
1477 2480 1567 2508 rem
1600 2466 1837 2508 diuexauit.

490 2627 553 2659 771
582 2635 796 2658 moneamus
822 2625 1027 2669 properae
1098 2624 1390 2669 PaenigniumB
1466 2625 1520 2659 cia
1545 2624 1613 2658 Zas
1638 2623 1684 2667 Β,
1710 2624 1869 2675 eptam

377 2683 443 2716 772
468 2693 525 2716 me
551 2682 689 2716 amicae
714 2681 759 2722 Β,
788 2693 845 2715 me
871 2682 988 2716 amice
1015 2682 1044 2717 Ο
1131 2683 1190 2718 hic
1215 2683 1305 2717 mihi
1332 2682 1408 2716 dies
1434 2681 1542 2716 datus
1644 2682 1710 2715 774
1735 2681 1863 2716 hmeae

377 2738 424 2781 Β,
449 2738 529 2773 heae
555 2749 646 2773 meae
673 2737 701 2772 G
799 2737 939 2772 donant
965 2738 993 2773 C
1095 2745 1278 2774 amantem
1305 2738 1441 2773 amanti
1540 2739 1606 2771 775
1624 2728 1794 2783 {gaudet
1817 2736 1864 2781 B,

378 2795 448 2830 hoc
474 2795 572 2839 gaud
600 2794 629 2830 C
718 2795 784 2827 777
808 2794 1007 2829 homonum
1030 2794 1065 2829 Β
