<?xml version="1.0" encoding="UTF-8"?>
<!DOCTYPE html PUBLIC "-//W3C//DTD XHTML 1.0 Transitional//EN"
    "http://www.w3.org/TR/xhtml1/DTD/xhtml1-transitional.dtd">
<html xmlns="http://www.w3.org/1999/xhtml" xml:lang="en" lang="en">
 <head>
  <title>
</title>
<meta http-equiv="Content-Type" content="text/html;charset=utf-8" />
  <meta name='ocr-system' content='tesseract 3.04.00' />
  <meta name='ocr-capabilities' content='ocr_page ocr_carea ocr_par ocr_line ocrx_word'/>
</head>
<body>
  <div class='ocr_page' id='page_1' title='image "./comoediaerecensu05plauuoft_0027.png"; bbox 0 0 2009 3218; ppageno 0'>
   <div class='ocr_carea' id='block_1_1' title="bbox 141 255 1686 306">
    <p class='ocr_par' dir='ltr' id='par_1_1' title="bbox 141 255 1686 306">
     <span class='ocr_line' id='line_1_1' title="bbox 141 255 1686 306; baseline -0.001 -9"><span class='ocrx_word' id='word_1_1' title='bbox 141 261 187 306; x_wconf 89' lang='lat'><em>11,</em></span> <span class='ocrx_word' id='word_1_2' title='bbox 213 263 244 306; x_wconf 76' lang='lat'><em>2,</em></span> <span class='ocrx_word' id='word_1_3' title='bbox 269 262 404 296; x_wconf 82' lang='lat'>20—28</span> <span class='ocrx_word' id='word_1_4' title='bbox 831 261 952 296; x_wconf 77' lang='lat' dir='ltr'><em>Persa.</em></span> <span class='ocrx_word' id='word_1_5' title='bbox 1575 265 1624 304; x_wconf 74' lang='lat'><em>21</em></span> <span class='ocrx_word' id='word_1_6' title='bbox 1682 255 1686 258; x_wconf 47' lang='lat'><strong>⁴</strong></span> 
     </span>
    </p>
   </div>
   <div class='ocr_carea' id='block_1_2' title="bbox 139 385 1627 727">
    <p class='ocr_par' dir='ltr' id='par_1_2' title="bbox 139 385 1627 727">
     <span class='ocr_line' id='line_1_2' title="bbox 685 385 1082 439; baseline 0.003 -13"><span class='ocrx_word' id='word_1_7' title='bbox 685 385 1082 439; x_wconf 75' lang='lat' dir='ltr'><em>Sophoclidisca</em></span> 
     </span>
     <span class='ocr_line' id='line_1_3' title="bbox 464 457 1626 514; baseline 0.002 -14"><span class='ocrx_word' id='word_1_8' title='bbox 464 458 616 500; x_wconf 85' lang='lat' dir='ltr'><em>Nullus</em></span> <span class='ocrx_word' id='word_1_9' title='bbox 648 472 738 500; x_wconf 87' lang='lat' dir='ltr'><em>esse</em></span> <span class='ocrx_word' id='word_1_10' title='bbox 770 457 897 499; x_wconf 92' lang='lat' dir='ltr'><em>hodie</em></span> <span class='ocrx_word' id='word_1_11' title='bbox 930 457 1010 499; x_wconf 91' lang='lat' dir='ltr'><em>hoc</em></span> <span class='ocrx_word' id='word_1_12' title='bbox 1042 472 1177 512; x_wconf 87' lang='lat' dir='ltr'><em>puero</em></span> <span class='ocrx_word' id='word_1_13' title='bbox 1211 460 1332 513; x_wconf 88' lang='lat' dir='ltr'><em>peior</em></span> <span class='ocrx_word' id='word_1_14' title='bbox 1364 460 1626 514; x_wconf 82' lang='lat' dir='ltr'>perhibetur.</span> 
     </span>
     <span class='ocr_line' id='line_1_4' title="bbox 139 530 429 586; baseline -0.007 -12"><span class='ocrx_word' id='word_1_15' title='bbox 139 530 429 586; x_wconf 84' lang='lat' dir='ltr'><em>Compellabo.</em></span> 
     </span>
     <span class='ocr_line' id='line_1_5' title="bbox 737 601 1018 654; baseline -0.004 -12"><span class='ocrx_word' id='word_1_16' title='bbox 737 601 1018 654; x_wconf 75' lang='lat' dir='ltr'><em>Paeyniam</em></span> 
     </span>
     <span class='ocr_line' id='line_1_6' title="bbox 336 672 1627 727; baseline 0.002 -11"><span class='ocrx_word' id='word_1_17' title='bbox 336 673 697 716; x_wconf 80' lang='lat' dir='ltr'><em>commorandum</em></span> <span class='ocrx_word' id='word_1_18' title='bbox 729 677 795 716; x_wconf 78' lang='lat' dir='ltr'><em>est</em></span> <span class='ocrx_word' id='word_1_19' title='bbox 825 673 929 714; x_wconf 90' lang='lat' dir='ltr'><em>mihi</em></span> <span class='ocrx_word' id='word_1_20' title='bbox 961 672 1077 727; x_wconf 89' lang='lat' dir='ltr'><em>apud</em></span> <span class='ocrx_word' id='word_1_21' title='bbox 1108 672 1240 726; x_wconf 82' lang='lat' dir='ltr'><em>hanc3</em></span> <span class='ocrx_word' id='word_1_22' title='bbox 1271 673 1428 717; x_wconf 72' lang='lat' dir='ltr'><em>obiecit</em></span> <span class='ocrx_word' id='word_1_23' title='bbox 1456 690 1627 718; x_wconf 83' lang='lat' dir='ltr'><em>moram.</em></span> 
     </span>
    </p>
   </div>
   <div class='ocr_carea' id='block_1_3' title="bbox 84 768 1628 896">
    <p class='ocr_par' dir='ltr' id='par_1_3' title="bbox 84 768 1628 896">
     <span class='ocr_line' id='line_1_7' title="bbox 682 768 1088 820; baseline -0.002 -10"><span class='ocrx_word' id='word_1_24' title='bbox 682 768 1088 820; x_wconf 67' lang='lat' dir='ltr'><em>Sophoclidisca</em></span> 
     </span>
     <span class='ocr_line' id='line_1_8' title="bbox 84 838 1628 896; baseline 0 -12"><span class='ocrx_word' id='word_1_25' title='bbox 84 858 92 866; x_wconf 94' lang='lat'><strong>·</strong></span> <span class='ocrx_word' id='word_1_26' title='bbox 139 843 387 896; x_wconf 82' lang='lat' dir='ltr'><em>Paegnium,</em></span> <span class='ocrx_word' id='word_1_27' title='bbox 419 842 598 884; x_wconf 82' lang='lat' dir='ltr'>deliciae</span> <span class='ocrx_word' id='word_1_28' title='bbox 631 841 764 896; x_wconf 89' lang='lat' dir='ltr'><em>pueri,</em></span> <span class='ocrx_word' id='word_1_29' title='bbox 795 840 928 882; x_wconf 84' lang='lat' dir='ltr'><em>salue.</em></span> <span class='ocrx_word' id='word_1_30' title='bbox 999 838 1112 889; x_wconf 85' lang='lat' dir='ltr'>Quid</span> <span class='ocrx_word' id='word_1_31' title='bbox 1144 841 1266 893; x_wconf 81' lang='lat' dir='ltr'><em>agis?</em></span> <span class='ocrx_word' id='word_1_32' title='bbox 1301 845 1346 882; x_wconf 82' lang='lat' dir='ltr'><em>ut</em></span> <span class='ocrx_word' id='word_1_33' title='bbox 1375 841 1529 884; x_wconf 82' lang='lat' dir='ltr'><em>uales&#39;?</em></span> <span class='ocrx_word' id='word_1_34' title='bbox 1563 853 1628 887; x_wconf 87' lang='lat'><em>205</em></span> 
     </span>
    </p>
   </div>
   <div class='ocr_carea' id='block_1_4' title="bbox 140 926 1030 1056">
    <p class='ocr_par' dir='ltr' id='par_1_4' title="bbox 140 926 1030 1056">
     <span class='ocr_line' id='line_1_9' title="bbox 744 926 1030 979; baseline -0.007 -11"><span class='ocrx_word' id='word_1_35' title='bbox 744 926 1030 979; x_wconf 72' lang='lat' dir='ltr'><em>Pacynium</em></span> 
     </span>
     <span class='ocr_line' id='line_1_10' title="bbox 140 998 903 1056; baseline -0.005 -13"><span class='ocrx_word' id='word_1_36' title='bbox 140 1000 478 1056; x_wconf 84' lang='lat' dir='ltr'>Sophoclidisca,</span> <span class='ocrx_word' id='word_1_37' title='bbox 510 1001 552 1042; x_wconf 89' lang='lat' dir='ltr'><em>di</em></span> <span class='ocrx_word' id='word_1_38' title='bbox 584 1014 650 1042; x_wconf 90' lang='lat' dir='ltr'><em>me</em></span> <span class='ocrx_word' id='word_1_39' title='bbox 682 998 903 1042; x_wconf 82' lang='lat' dir='ltr'><em>amabunt.</em></span> 
     </span>
    </p>
   </div>
   <div class='ocr_carea' id='block_1_5' title="bbox 677 1093 1082 1216">
    <p class='ocr_par' dir='ltr' id='par_1_5' title="bbox 677 1093 1082 1216">
     <span class='ocr_line' id='line_1_11' title="bbox 677 1093 1082 1145; baseline -0.002 -9"><span class='ocrx_word' id='word_1_40' title='bbox 677 1093 1082 1145; x_wconf 74' lang='lat' dir='ltr'><em>Sophoclidisca</em></span> 
     </span>
     <span class='ocr_line' id='line_1_12' title="bbox 834 1165 1076 1216; baseline 0 -10"><span class='ocrx_word' id='word_1_41' title='bbox 834 1165 946 1216; x_wconf 85' lang='lat' dir='ltr'><em>Quid</em></span> <span class='ocrx_word' id='word_1_42' title='bbox 978 1165 1076 1207; x_wconf 81' lang='lat' dir='ltr'><em>me?</em></span> 
     </span>
    </p>
   </div>
   <div class='ocr_carea' id='block_1_6' title="bbox 141 1260 1629 1674">
    <p class='ocr_par' dir='ltr' id='par_1_6' title="bbox 141 1260 1629 1674">
     <span class='ocr_line' id='line_1_13' title="bbox 745 1260 1027 1313; baseline -0.007 -11"><span class='ocrx_word' id='word_1_43' title='bbox 745 1260 1027 1313; x_wconf 61' lang='lat' dir='ltr'><em>Paconium</em></span> 
     </span>
     <span class='ocr_line' id='line_1_14' title="bbox 949 1327 1626 1374; baseline 0 0"><span class='ocrx_word' id='word_1_44' title='bbox 949 1327 953 1330; x_wconf 62' lang='grc'><strong>’</strong></span> <span class='ocrx_word' id='word_1_45' title='bbox 1049 1331 1200 1374; x_wconf 81' lang='lat' dir='ltr'><strong>Utrum</strong></span> <span class='ocrx_word' id='word_1_46' title='bbox 1234 1332 1379 1374; x_wconf 88' lang='lat' dir='ltr'><em>hercle</em></span> <span class='ocrx_word' id='word_1_47' title='bbox 1411 1333 1473 1373; x_wconf 81' lang='lat' dir='ltr'><em>cis</em></span> <span class='ocrx_word' id='word_1_48' title='bbox 1503 1331 1626 1374; x_wconf 79' lang='lat' dir='ltr'><em>lubet.</em></span> 
     </span>
     <span class='ocr_line' id='line_1_15' title="bbox 141 1403 1629 1459; baseline -0.002 -11"><span class='ocrx_word' id='word_1_49' title='bbox 141 1406 224 1448; x_wconf 75' lang='lat' dir='ltr'><em>Sed</em></span> <span class='ocrx_word' id='word_1_50' title='bbox 257 1407 306 1455; x_wconf 84' lang='lat' dir='ltr'><em>si,</em></span> <span class='ocrx_word' id='word_1_51' title='bbox 340 1410 388 1446; x_wconf 79' lang='lat' dir='ltr'><em>ut</em></span> <span class='ocrx_word' id='word_1_52' title='bbox 420 1405 550 1459; x_wconf 87' lang='lat' dir='ltr'><em>digna</em></span> <span class='ocrx_word' id='word_1_53' title='bbox 582 1418 638 1455; x_wconf 88' lang='lat' dir='ltr'><em>es,</em></span> <span class='ocrx_word' id='word_1_54' title='bbox 670 1404 845 1454; x_wconf 77' lang='lat' dir='ltr'><em>faciant,</em></span> <span class='ocrx_word' id='word_1_55' title='bbox 878 1403 976 1445; x_wconf 85' lang='lat' dir='ltr'><em>odio</em></span> <span class='ocrx_word' id='word_1_56' title='bbox 1008 1403 1154 1446; x_wconf 89' lang='lat' dir='ltr'><em>hercle</em></span> <span class='ocrx_word' id='word_1_57' title='bbox 1180 1404 1372 1447; x_wconf 79' lang='lat' dir='ltr'><em>habeant</em></span> <span class='ocrx_word' id='word_1_58' title='bbox 1397 1408 1441 1446; x_wconf 80' lang='lat' dir='ltr'><em>et</em></span> <span class='ocrx_word' id='word_1_59' title='bbox 1464 1404 1629 1446; x_wconf 83' lang='lat' dir='ltr'><em>faciant</em></span> 
     </span>
     <span class='ocr_line' id='line_1_16' title="bbox 1086 1476 1211 1518; baseline 0.008 -1"><span class='ocrx_word' id='word_1_60' title='bbox 1086 1476 1211 1518; x_wconf 87' lang='lat' dir='ltr'><em>male.</em></span> 
     </span>
     <span class='ocr_line' id='line_1_17' title="bbox 679 1548 1085 1600; baseline -0.002 -10"><span class='ocrx_word' id='word_1_61' title='bbox 679 1548 1085 1600; x_wconf 72' lang='lat' dir='ltr'><em>Sophoclidisca</em></span> 
     </span>
     <span class='ocr_line' id='line_1_18' title="bbox 142 1619 573 1674; baseline -0.007 -11"><span class='ocrx_word' id='word_1_62' title='bbox 142 1621 266 1664; x_wconf 82' lang='lat' dir='ltr'><em>Mitte</em></span> <span class='ocrx_word' id='word_1_63' title='bbox 298 1621 408 1663; x_wconf 89' lang='lat' dir='ltr'><em>male</em></span> <span class='ocrx_word' id='word_1_64' title='bbox 439 1619 573 1674; x_wconf 88' lang='lat' dir='ltr'><em>loqui.</em></span> 
     </span>
    </p>
   </div>
   <div class='ocr_carea' id='block_1_7' title="bbox 379 1703 1622 1830">
    <p class='ocr_par' dir='ltr' id='par_1_7' title="bbox 379 1703 1622 1830">
     <span class='ocr_line' id='line_1_19' title="bbox 748 1703 1027 1756; baseline 0 -12"><span class='ocrx_word' id='word_1_65' title='bbox 748 1703 1027 1756; x_wconf 62' lang='lat' dir='ltr'><em>Paconium</em></span> 
     </span>
     <span class='ocr_line' id='line_1_20' title="bbox 379 1775 1622 1830; baseline 0 -14"><span class='ocrx_word' id='word_1_66' title='bbox 379 1775 527 1826; x_wconf 87' lang='lat' dir='ltr'><em>Quom,</em></span> <span class='ocrx_word' id='word_1_67' title='bbox 560 1779 608 1817; x_wconf 83' lang='lat' dir='ltr'><em>ut</em></span> <span class='ocrx_word' id='word_1_68' title='bbox 639 1775 768 1828; x_wconf 82' lang='lat' dir='ltr'><em>digna</em></span> <span class='ocrx_word' id='word_1_69' title='bbox 800 1789 857 1824; x_wconf 86' lang='lat' dir='ltr'><em>es,</em></span> <span class='ocrx_word' id='word_1_70' title='bbox 889 1775 996 1825; x_wconf 86' lang='lat' dir='ltr'><em>dico,</em></span> <span class='ocrx_word' id='word_1_71' title='bbox 1030 1775 1150 1827; x_wconf 86' lang='lat' dir='ltr'>bene,</span> <span class='ocrx_word' id='word_1_72' title='bbox 1182 1790 1268 1818; x_wconf 89' lang='lat' dir='ltr'><em>non</em></span> <span class='ocrx_word' id='word_1_73' title='bbox 1299 1776 1424 1828; x_wconf 89' lang='lat' dir='ltr'><em>male,</em></span> <span class='ocrx_word' id='word_1_74' title='bbox 1454 1776 1622 1830; x_wconf 89' lang='lat' dir='ltr'><em>loquor.</em></span> 
     </span>
    </p>
   </div>
   <div class='ocr_carea' id='block_1_8' title="bbox 141 1870 1623 2138">
    <p class='ocr_par' dir='ltr' id='par_1_8' title="bbox 141 1870 1623 2138">
     <span class='ocr_line' id='line_1_21' title="bbox 679 1870 1085 1922; baseline 0 -10"><span class='ocrx_word' id='word_1_75' title='bbox 679 1870 1085 1922; x_wconf 73' lang='lat' dir='ltr'><em>Sophoclidisca</em></span> 
     </span>
     <span class='ocr_line' id='line_1_22' title="bbox 141 1942 407 1996; baseline 0 -12"><span class='ocrx_word' id='word_1_76' title='bbox 141 1942 251 1993; x_wconf 88' lang='lat' dir='ltr'><em>Quid</em></span> <span class='ocrx_word' id='word_1_77' title='bbox 284 1942 375 1996; x_wconf 84' lang='lat' dir='ltr'><em>agis</em></span> <span class='ocrx_word' id='word_1_78' title='bbox 387 1943 407 1983; x_wconf 71' lang='grc' dir='ltr'><em>ἱ)</em></span> 
     </span>
     <span class='ocr_line' id='line_1_23' title="bbox 763 2014 996 2067; baseline 0.004 -13"><span class='ocrx_word' id='word_1_79' title='bbox 763 2014 833 2054; x_wconf 84' lang='lat' dir='ltr'><em>Pa</em></span> <span class='ocrx_word' id='word_1_80' title='bbox 847 2027 934 2067; x_wconf 68' lang='lat' dir='ltr'><em>eyn</em></span> <span class='ocrx_word' id='word_1_81' title='bbox 946 2015 963 2055; x_wconf 84' lang='lat' dir='ltr'><em>i</em></span> <span class='ocrx_word' id='word_1_82' title='bbox 974 2027 996 2055; x_wconf 90' lang='lat' dir='ltr'><em>a</em></span> 
     </span>
     <span class='ocr_line' id='line_1_24' title="bbox 426 2085 1623 2138; baseline -0.001 -11"><span class='ocrx_word' id='word_1_83' title='bbox 426 2085 644 2128; x_wconf 88' lang='lat' dir='ltr'><em>Feminam</em></span> <span class='ocrx_word' id='word_1_84' title='bbox 677 2085 902 2128; x_wconf 78' lang='lat' dir='ltr'><em>scelestam</em></span> <span class='ocrx_word' id='word_1_85' title='bbox 933 2091 989 2138; x_wconf 81' lang='lat' dir='ltr'><em>te,</em></span> <span class='ocrx_word' id='word_1_86' title='bbox 1020 2086 1197 2128; x_wconf 78' lang='lat' dir='ltr'><em>adstans</em></span> <span class='ocrx_word' id='word_1_87' title='bbox 1228 2091 1395 2138; x_wconf 80' lang='lat' dir='ltr'><em>contra,</em></span> <span class='ocrx_word' id='word_1_88' title='bbox 1428 2089 1623 2128; x_wconf 78' lang='lat' dir='ltr'><em>contuor.</em></span> 
     </span>
    </p>
   </div>
   <div class='ocr_carea' id='block_1_9' title="bbox 139 2180 1628 2306">
    <p class='ocr_par' dir='ltr' id='par_1_9' title="bbox 139 2180 1628 2306">
     <span class='ocr_line' id='line_1_25' title="bbox 680 2180 1082 2232; baseline -0.002 -9"><span class='ocrx_word' id='word_1_89' title='bbox 680 2180 1082 2232; x_wconf 72' lang='lat' dir='ltr'><em>Sophoclidisca</em></span> 
     </span>
     <span class='ocr_line' id='line_1_26' title="bbox 139 2251 1628 2306; baseline 0.002 -12"><span class='ocrx_word' id='word_1_90' title='bbox 139 2251 262 2294; x_wconf 87' lang='lat' dir='ltr'>Certe</span> <span class='ocrx_word' id='word_1_91' title='bbox 294 2252 492 2306; x_wconf 89' lang='lat' dir='ltr'><em>equidem</em></span> <span class='ocrx_word' id='word_1_92' title='bbox 524 2266 705 2306; x_wconf 87' lang='lat' dir='ltr'><em>puerum</em></span> <span class='ocrx_word' id='word_1_93' title='bbox 737 2253 924 2306; x_wconf 88' lang='lat' dir='ltr'><em>peiorem</em></span> <span class='ocrx_word' id='word_1_94' title='bbox 957 2266 1086 2306; x_wconf 86' lang='lat' dir='ltr'><em>quam</em></span> <span class='ocrx_word' id='word_1_95' title='bbox 1117 2259 1160 2294; x_wconf 86' lang='lat' dir='ltr'><em>te</em></span> <span class='ocrx_word' id='word_1_96' title='bbox 1183 2253 1286 2295; x_wconf 87' lang='lat' dir='ltr'><em>noui</em></span> <span class='ocrx_word' id='word_1_97' title='bbox 1310 2253 1535 2294; x_wconf 90' lang='lat' dir='ltr'><em>neminem.</em></span> <span class='ocrx_word' id='word_1_98' title='bbox 1561 2263 1628 2297; x_wconf 83' lang='lat'><em>210</em></span> 
     </span>
    </p>
   </div>
   <div class='ocr_carea' id='block_1_10' title="bbox 140 2346 1076 2472">
    <p class='ocr_par' dir='ltr' id='par_1_10' title="bbox 140 2346 1076 2472">
     <span class='ocr_line' id='line_1_27' title="bbox 736 2346 1021 2401; baseline -0.004 -13"><span class='ocrx_word' id='word_1_99' title='bbox 736 2346 1021 2401; x_wconf 72' lang='lat' dir='ltr'><em>Paeynium</em></span> 
     </span>
     <span class='ocr_line' id='line_1_28' title="bbox 140 2417 1076 2472; baseline -0.001 -12"><span class='ocrx_word' id='word_1_100' title='bbox 140 2417 252 2468; x_wconf 87' lang='lat' dir='ltr'><em>Quid</em></span> <span class='ocrx_word' id='word_1_101' title='bbox 283 2418 395 2461; x_wconf 85' lang='lat' dir='ltr'><em>male</em></span> <span class='ocrx_word' id='word_1_102' title='bbox 426 2417 539 2460; x_wconf 81' lang='lat' dir='ltr'><em>facio</em></span> <span class='ocrx_word' id='word_1_103' title='bbox 569 2423 646 2461; x_wconf 81' lang='lat' dir='ltr'><em>aut</em></span> <span class='ocrx_word' id='word_1_104' title='bbox 676 2419 778 2472; x_wconf 87' lang='lat' dir='ltr'><em>quoi</em></span> <span class='ocrx_word' id='word_1_105' title='bbox 809 2419 919 2460; x_wconf 91' lang='lat' dir='ltr'><em>male</em></span> <span class='ocrx_word' id='word_1_106' title='bbox 952 2419 1076 2461; x_wconf 78' lang='lat' dir='ltr'><em>dico?</em></span> 
     </span>
    </p>
   </div>
   <div class='ocr_carea' id='block_1_11' title="bbox 678 2512 1623 2639">
    <p class='ocr_par' dir='ltr' id='par_1_11' title="bbox 678 2512 1623 2639">
     <span class='ocr_line' id='line_1_29' title="bbox 678 2512 1082 2566; baseline 0.002 -12"><span class='ocrx_word' id='word_1_107' title='bbox 678 2512 1082 2566; x_wconf 74' lang='lat' dir='ltr'><em>Sophoclidisca</em></span> 
     </span>
     <span class='ocr_line' id='line_1_30' title="bbox 880 2584 1623 2639; baseline -0.001 -13"><span class='ocrx_word' id='word_1_108' title='bbox 880 2584 989 2635; x_wconf 85' lang='lat' dir='ltr'><em>Quoi</em></span> <span class='ocrx_word' id='word_1_109' title='bbox 1021 2585 1092 2639; x_wconf 92' lang='lat' dir='ltr'><em>pol</em></span> <span class='ocrx_word' id='word_1_110' title='bbox 1124 2599 1308 2639; x_wconf 87' lang='lat' dir='ltr'><em>cumque</em></span> <span class='ocrx_word' id='word_1_111' title='bbox 1340 2585 1514 2627; x_wconf 85' lang='lat' dir='ltr'><em>occasio</em></span> <span class='ocrx_word' id='word_1_112' title='bbox 1546 2589 1623 2626; x_wconf 79' lang='lat' dir='ltr'><em>est.</em></span> 
     </span>
    </p>
   </div>
   <div class='ocr_carea' id='block_1_12' title="bbox 299 2665 406 2669">
    <p class='ocr_par' dir='ltr' id='par_1_12' title="bbox 299 2665 406 2669">
     <span class='ocr_line' id='line_1_31' title="bbox 299 2665 406 2669; baseline 0 0"><span class='ocrx_word' id='word_1_113' title='bbox 299 2665 406 2669; x_wconf 95' lang='lat' dir='ltr'><em> </em></span> 
     </span>
    </p>
   </div>
   <div class='ocr_carea' id='block_1_13' title="bbox 136 2718 1624 2876">
    <p class='ocr_par' dir='ltr' id='par_1_13' title="bbox 136 2718 1624 2876">
     <span class='ocr_line' id='line_1_32' title="bbox 248 2718 1624 2764; baseline -0.001 -10"><span class='ocrx_word' id='word_1_114' title='bbox 248 2720 314 2753; x_wconf 80' lang='lat'><em>204</em></span> <span class='ocrx_word' id='word_1_115' title='bbox 338 2719 640 2754; x_wconf 83' lang='lat' dir='ltr'><em>commorandust</em></span> <span class='ocrx_word' id='word_1_116' title='bbox 742 2719 836 2754; x_wconf 85' lang='lat' dir='ltr'><em>hana</em></span> <span class='ocrx_word' id='word_1_117' title='bbox 864 2718 899 2753; x_wconf 94' lang='grc' dir='ltr'><em>Β</em></span> <span class='ocrx_word' id='word_1_118' title='bbox 1002 2720 1122 2756; x_wconf 87' lang='lat' dir='ltr'><em>obieci</em></span> <span class='ocrx_word' id='word_1_119' title='bbox 1230 2721 1297 2754; x_wconf 82' lang='grc'><em>206</em></span> <span class='ocrx_word' id='word_1_120' title='bbox 1322 2731 1379 2754; x_wconf 89' lang='lat' dir='ltr'><em>me</em></span> <span class='ocrx_word' id='word_1_121' title='bbox 1402 2719 1448 2764; x_wconf 64' lang='lat' dir='ltr'><em>:ssss</em></span> <span class='ocrx_word' id='word_1_122' title='bbox 1473 2720 1624 2754; x_wconf 70' lang='lat' dir='ltr'><em>utrum?</em></span> 
     </span>
     <span class='ocr_line' id='line_1_33' title="bbox 137 2774 1624 2820; baseline 0.001 -12"><span class='ocrx_word' id='word_1_123' title='bbox 137 2774 176 2809; x_wconf 89' lang='lat' dir='ltr'><em>P.</em></span> <span class='ocrx_word' id='word_1_124' title='bbox 199 2775 322 2810; x_wconf 82' lang='lat' dir='ltr'><em>hercle</em></span> <span class='ocrx_word' id='word_1_125' title='bbox 349 2775 384 2810; x_wconf 91' lang='lat' dir='ltr'><em>B</em></span> <span class='ocrx_word' id='word_1_126' title='bbox 473 2777 523 2809; x_wconf 83' lang='lat' dir='ltr'><em>eis</em></span> <span class='ocrx_word' id='word_1_127' title='bbox 550 2776 653 2810; x_wconf 81' lang='lat' dir='ltr'><em>lubet</em></span> <span class='ocrx_word' id='word_1_128' title='bbox 677 2786 742 2810; x_wconf 83' lang='lat' dir='ltr'><em>om.</em></span> <span class='ocrx_word' id='word_1_129' title='bbox 833 2777 899 2810; x_wconf 84' lang='lat'><em>207</em></span> <span class='ocrx_word' id='word_1_130' title='bbox 924 2776 1055 2820; x_wconf 84' lang='lat' dir='ltr'><em>dignas</em></span> <span class='ocrx_word' id='word_1_131' title='bbox 1136 2776 1253 2811; x_wconf 78' lang='lat' dir='ltr'><em>malae</em></span> <span class='ocrx_word' id='word_1_132' title='bbox 1278 2776 1314 2811; x_wconf 92' lang='lat' dir='ltr'><em>B</em></span> <span class='ocrx_word' id='word_1_133' title='bbox 1401 2777 1468 2811; x_wconf 79' lang='lat'><em>208</em></span> <span class='ocrx_word' id='word_1_134' title='bbox 1493 2776 1624 2819; x_wconf 84' lang='lat' dir='ltr'><em>dignas</em></span> 
     </span>
     <span class='ocr_line' id='line_1_34' title="bbox 136 2830 1217 2876; baseline 0.003 -11"><span class='ocrx_word' id='word_1_135' title='bbox 136 2832 201 2865; x_wconf 82' lang='lat'><em>209</em></span> <span class='ocrx_word' id='word_1_136' title='bbox 226 2838 330 2866; x_wconf 69' lang='lat' dir='ltr'><em>satan</em></span> <span class='ocrx_word' id='word_1_137' title='bbox 356 2830 392 2866; x_wconf 92' lang='lat' dir='ltr'><em>B</em></span> <span class='ocrx_word' id='word_1_138' title='bbox 483 2833 550 2866; x_wconf 78' lang='lat'><em>210</em></span> <span class='ocrx_word' id='word_1_139' title='bbox 574 2841 709 2876; x_wconf 69' lang='lat' dir='ltr'><em>quante</em></span> <span class='ocrx_word' id='word_1_140' title='bbox 734 2831 770 2866; x_wconf 91' lang='lat' dir='ltr'><strong><em>B</em></strong></span> <span class='ocrx_word' id='word_1_141' title='bbox 862 2834 922 2866; x_wconf 81' lang='lat'><em>211</em></span> <span class='ocrx_word' id='word_1_142' title='bbox 954 2833 1039 2866; x_wconf 85' lang='lat' dir='ltr'><em>mali</em></span> <span class='ocrx_word' id='word_1_143' title='bbox 1064 2833 1159 2868; x_wconf 86' lang='lat' dir='ltr'><em>facio</em></span> <span class='ocrx_word' id='word_1_144' title='bbox 1188 2832 1217 2868; x_wconf 83' lang='grc' dir='ltr'><em>Ο</em></span> 
     </span>
    </p>
   </div>
  </div>
 </body>
</html>
