2009 3218
109 236 170 280 lv,
195 237 228 278 4,
255 237 388 270 19—28
730 234 985 270 Truculeutus.
1513 239 1591 278 401

676 358 1029 401 Phronesium

609 431 742 472 Immo
775 431 930 473 amabo
963 436 1012 472 ut
1043 431 1121 473 hos
1153 431 1244 472 dies
1277 432 1446 486 aliquos
1479 433 1596 474 sinas

111 504 217 547 Eum
248 517 343 545 esse
374 503 489 558 apud
523 517 601 544 nie.

685 610 1018 652 Diniarchus

567 681 753 723 Minime.

672 778 1023 833 Ph'ronesium

702 863 877 905 Amabo.

691 974 1018 1015 Diuiarchus

847 1046 959 1097 Quid
992 1059 1037 1087 eo
1068 1046 1228 1100 opust?

675 1156 1033 1198 Phronesium

1210 1228 1256 1269 In
1289 1242 1378 1270 rem
1408 1233 1598 1271 meamst.

111 1301 315 1343 Triduum
347 1301 430 1343 hoc
460 1300 629 1351 saltem,
662 1301 762 1342 dum
794 1300 942 1355 aliquo
976 1300 1099 1342 miles
1132 1300 1485 1342 circumducitur.

111 1374 249 1416 Meam
280 1388 370 1416 rem
403 1374 438 1415 si
470 1373 574 1427 quid
606 1373 686 1414 hac
716 1387 760 1415 re.
791 1373 977 1427 auyebo,
1016 1372 1097 1414 tibi
1136 1386 1311 1427 quoque
1342 1373 1472 1414 etiam
1505 1387 1597 1427 pro·

1059 1444 1192 1496 derit3
1535 1457 1602 1490 865

113 1517 156 1560 Si
187 1517 330 1560 aufers
362 1532 557 1572 puerum,
589 1532 615 1560 a
646 1517 782 1559 milite
813 1517 950 1558 omnis
983 1516 1084 1558 mihi
1116 1530 1215 1571 spes
1247 1517 1435 1559 animam
1467 1516 1601 1559 efflla-

1061 1589 1186 1631 uerit.
1293 1587 1299 1592 ’

691 1692 1018 1734 Diniarchus

113 1765 291 1807 Factum
323 1766 470 1819 cupi03
502 1779 599 1807 nam
633 1765 758 1807 aliter
790 1764 931 1807 facere
964 1764 999 1806 si
1031 1764 1176 1814 uelim,
1209 1779 1294 1806 nou
1326 1770 1391 1807 est
1421 1765 1556 1807 locus.

114 1837 236 1879 Nunc
267 1851 400 1892 puero
431 1842 566 1888 utere,
599 1842 643 1879 et
675 1851 874 1891 procura,
908 1837 1084 1891 quando
1117 1850 1201 1890 quo
1234 1850 1356 1878 cures
1388 1837 1535 1879 habes.

682 1940 1031 1982 Phronesium

115 2012 252 2055 Multo
289 2027 386 2055 amo
421 2017 467 2055 te
506 2012 561 2055 ob
600 2013 728 2055 istam
770 2027 856 2055 rem
897 2017 1079 2054 ecastor.
1160 2011 1242 2053 Ubi
1283 2011 1398 2053 domi
1437 2017 1602 2055 metues

1063 2083 1235 2134 malum,

117 2157 148 2199 F
151 2158 268 2211 ugito
283 2157 366 2200 huc
383 2157 438 2199 ad
456 2171 542 2208 me3
561 2156 712 2199 saltem
731 2157 894 2198 amicus
915 2156 1016 2198 mihi
1036 2155 1510 2208 est0†manubinarius.
1537 2168 1604 2201 870

690 2260 726 2300 D
738 2260 750 2300 i
764 2274 790 2300 n
800 2260 812 2300 i
824 2273 850 2301 a
863 2274 884 2300 r
895 2273 917 2301 c
928 2259 955 2300 h
968 2274 994 2300 u
1006 2273 1024 2300 s

118 2332 233 2375 Bene
262 2333 374 2384 uaie,
405 2333 700 2375 Phronesium.

684 2438 1038 2480 Phronesium

748 2510 837 2552 Iam
868 2524 932 2552 me
962 2515 1082 2552 tuum
1116 2508 1286 2552 oculum
1317 2522 1400 2551 non
1430 2522 1574 2550 uocas.

231 2660 296 2694 863
322 2671 420 2704 apup
445 2657 481 2694 B
570 2659 610 2693 15.
635 2659 704 2692 abo
730 2658 773 2701 Β,
801 2658 873 2691 iam
899 2657 982 2691 abio
1009 2656 1037 2691 G
1122 2656 1210 2701 quid
1235 2668 1325 2701 opus
1350 2655 1394 2699 :iss
1419 2656 1497 2690 iure
1523 2666 1605 2690 mea

121 2716 186 2750 864
209 2717 306 2751 milis
396 2718 463 2752 865
488 2717 531 2751 In
556 2727 633 2751 eam
728 2715 872 2749 habebo
972 2715 1038 2749 866
1063 2714 1209 2750 auferes
1309 2717 1386 2748 tum
1412 2713 1502 2747 mihi

122 2773 242 2808 anima
344 2775 410 2809 867
435 2785 519 2809 nam
545 2785 584 2808 re
609 2773 729 2808 facere
839 2773 906 2805 868
932 2771 1077 2816 quand«)
1102 2783 1276 2816 procures
1381 2771 1448 2804 869
1474 2769 1604 2802 amabo

210 2836 395 2866 mecastor
485 2831 728 2876 87lpronesifi
754 2829 788 2862 Β
880 2830 951 2862 iam
980 2834 1055 2862 tum
1083 2829 1229 2863 ocuium
1255 2839 1367 2866 uocas

256 2902 293 2932 v.
1258 2900 1303 2934 26
