2009 3218
187 224 242 265 lv,
268 225 298 264 2,
324 226 434 258 7—13
848 221 1008 256 Rudons.
1583 223 1662 262 233

723 347 790 390 Pa
804 347 910 399 mpla
923 347 1055 399 impp
1068 362 1091 388 ιι
1103 361 1124 385 ,ς

1005 417 1154 460 Credo.
1219 418 1358 470 Saluo,
1389 418 1618 462 Gelasimo.

771 521 1071 563 Gelasimus

183 596 393 639 Ualuistin
427 595 564 637 bene?

722 680 1123 732 I’wmplev'le'ppees

631 753 929 795 Sustentatum
963 756 1027 794 est
1059 751 1221 794 sedulo.

772 855 1069 897 Gelasimus

1236 926 1400 980 Edepol
1430 926 1610 980 gaudeo.

179 1001 342 1055 Edepol
369 1015 419 1042 ne
447 1014 524 1054 ego
550 1014 661 1041 nuuc
686 998 789 1041 mihi
811 999 1070 1042 medimnum
1090 998 1204 1041 mille
1224 1013 1318 1041 esse
1336 999 1502 1052 argenti
1520 998 1660 1040 uelim.

755 1103 1075 1154 Epiynomus

178 1175 286 1226 Quid
322 1190 368 1216 eo
402 1175 477 1216 tibi
511 1175 668 1229 opust?

768 1268 1066 1310 Gelasimus

334 1342 455 1384 Hune
486 1342 629 1384 hercle
662 1341 714 1383 ad
748 1355 896 1382 cenam
929 1346 977 1383 ut
1009 1354 1172 1389 uocem,
1210 1345 1250 1382 te
1282 1355 1368 1382 non
1400 1354 1566 1383 uocem.
1594 1352 1661 1386 590

753 1443 828 1495 Ep
841 1444 889 1496 iss
899 1458 924 1485 n
936 1457 957 1484 ο
968 1457 1007 1483 m
1019 1457 1044 1484 ιι
1054 1457 1073 1483 s

176 1516 418 1559 Aduorsum
450 1522 492 1559 te
523 1516 732 1559 fabulare.

773 1617 1076 1660 Gelasimus

785 1690 897 1732 Illud
929 1691 1103 1745 quidem
1136 1690 1301 1733 ‘ambos
1332 1695 1380 1733 ut
1411 1690 1582 1732 uocemfl

178 1763 230 1806 Et
259 1763 456 1818 equidem
488 1764 524 1805 si
556 1767 702 1815 essent,
736 1763 910 1817 benigne
943 1777 1020 1805 uos
1051 1764 1301 1806 inuitassem
1334 1762 1505 1805 domum

177 1835 241 1877 Ad
272 1850 356 1887 me;
389 1835 465 1877 sed
495 1835 599 1877 mz'hi
631 1835 871 1877 deliciarum
903 1834 1007 1876 nihil
1041 1840 1119 1886 est,
1150 1839 1281 1889 atque
1314 1834 1393 1877 hoe
1417 1835 1536 1877 scitis
1562 1849 1655 1876 uos.

758 1938 1080 1991 Ja'piynomus

180 2010 341 2063 Edepol
371 2015 414 2052 te
445 2023 597 2051 uocem
628 2009 840 2059 lubenter,
875 2011 909 2051 si
942 2009 1151 2064 superfiat
1181 2010 1314 2052 loeus.

766 2112 1074 2153 Gelasimus

176 2183 286 2234 Quin
316 2189 406 2225 tum
437 2188 557 2225 stans
591 2183 840 2226 obstrusero
873 2184 1039 2239 aliquid
1071 2189 1258 2226 strenue.

754 2287 1079 2340 Epiynomus

970 2359 1104 2401 Immo
1136 2373 1265 2404 unum
1296 2359 1378 2401 hoe
1409 2363 1567 2415 potest,
1592 2370 1658 2404 595

289 2517 354 2550 587
378 2518 517 2551 saluum
544 2517 586 2560 ᾔ,
612 2517 711 2551 salue
737 2518 805 2551 BG
893 2519 959 2552 585
984 2517 1189 2552 sustentaui
1214 2517 1281 2553 BG
1370 2519 1436 2553 589
1461 2529 1532 2563 ego
1558 2530 1656 2553 nunc

178 2571 263 2606 mihi
289 2572 537 2608 mediumnum
564 2574 613 2615 A,
651 2579 800 2618 egomet
831 2573 998 2609 mededie
1031 2581 1075 2609 tic
1104 2573 1159 2618 B,
1199 2579 1348 2619 egomet
1378 2575 1466 2610 mihi
1499 2575 1655 2610 mediam

177 2638 272 2662 nnnc
299 2628 327 2664 C
423 2631 533 2664 uelim
559 2632 701 2673 argenti
731 2630 759 2665 C
857 2632 923 2664 590
949 2631 1015 2665 tibi
1042 2641 1106 2665 om.
1133 2630 1162 2666 G
1252 2643 1345 2676 opus
1372 2635 1428 2666 est
1452 2631 1519 2667 ΒΟ
1611 2631 1657 2665 ad

178 2693 302 2719 cenam
329 2685 449 2720 hercle
476 2686 543 2722 BC
628 2689 688 2722 591
720 2686 885 2721 fabulare
911 2687 1004 2721 illud
1029 2686 1098 2722 ΒΟ
1174 2689 1330 2722 592-93
1356 2699 1419 2723 om.
1446 2688 1513 2723 BC
1593 2690 1657 2722 592

178 2740 207 2774 ui
221 2765 422 2776 ..........
440 2744 520 2778 ioue
660 2746 726 2778 493
752 2744 816 2777 svd
832 2771 837 2777 .
854 2768 861 2775 .
877 2744 978 2778 hius.
995 2770 1002 2777 .
1018 2754 1036 2777 e
1052 2768 1152 2778 .....
1167 2745 1258 2779 nihil
1401 2746 1466 2779 595
1492 2751 1530 2780 tu

179 2799 366 2833 obotunero
392 2800 420 2833 G
