2009 3218
0 0 3 2 ·
107 0 118 18 κ

5 0 111 95 Ἥ

771 197 930 232 Stichus.
1511 204 1532 241 5
1543 203 1590 241 17

103 329 244 370 editam
283 330 322 365 et
360 326 581 376 suppletam
625 326 673 363 ad
712 326 884 364 Stichum
932 328 1129 376 pertinere
1175 329 1370 376 ostendit,
1427 343 1587 379 eamque

55 429 59 437 .
103 397 268 438 fabulam
308 407 409 432 anno
450 395 528 432 200
570 407 604 431 a.
637 393 727 432 Chr.
759 408 796 432 n.
836 394 990 432 doctam
1036 409 1118 434 esse
1159 398 1443 447 pronuntiavit.
1519 397 1589 435 Cui

103 478 215 518 quum
261 463 484 512 Geppertus
529 457 674 511 (Ueber
713 462 787 499 den
826 462 958 500 Codex
995 463 1275 502 Ambrosianus
1317 478 1356 515 p.
1393 467 1442 503 10
1482 461 1587 515 sqq.)

102 535 158 574 ita
185 531 388 571 oblocutus
419 533 536 578 esset,
583 534 629 567 ut
668 530 751 579 ipse
784 530 1018 568 Ritschelius
1050 531 1098 567 de
1129 545 1174 568 ea
1206 545 1247 569 re
1280 532 1462 570 dubitare
1495 534 1588 570 inci-

101 603 226 654 peret,
272 597 561 638 studemundus
603 598 757 636 demum
803 599 1023 636 accuratius
1070 600 1300 638 examinatis
1345 601 1587 650 Palimpsesti

104 667 330 708 membranis
375 658 650 704 dissertatione
694 666 740 703 de
787 669 882 703 aetae
928 666 1052 704 Stichi
1092 667 1281 705 Plautinae
1327 672 1502 719 tempore
1548 670 1587 706 in

101 736 309 777 comment.
342 736 379 772 in
412 735 600 773 honorem
633 735 704 772 Th.
739 734 970 772 Mommseni
1009 735 1096 772 edd.
1131 749 1210 773 rem
1244 738 1439 784 transegit
1472 750 1513 774 ac
1547 752 1587 774 re

44 842 49 847 ,
102 817 190 845 vera
226 803 349 841 Stichi
387 802 638 840 didascaliam
682 806 836 840 exstare
875 802 1171 841 demonstravit.
1251 804 1362 841 Hunc
1403 804 1586 842 Goetzius

102 875 253 912 secutus
284 874 342 908 est
372 873 410 908 iu
443 872 503 909 ed.
536 870 804 909 Ritscheliana
835 872 972 909 altera.

208 939 277 978 Vv.
307 941 340 987 l,
375 941 409 986 5,
444 940 466 976 7
492 953 536 976 ac
558 939 726 977 fortasse
755 941 815 986 10,
850 940 888 977 in
913 941 1054 990 quibus
1087 940 1184 993 nihil
1216 942 1372 978 omnino
1405 946 1584 992 apparet,

99 1012 310 1050 atramento
341 1008 476 1057 scripti
509 1021 585 1045 non
615 1008 795 1054 fuerunt3
828 1010 946 1045 minio
977 1009 1072 1058 picti
1097 1008 1217 1046 fuisse
1242 1009 1436 1055 videntur,
1471 1023 1583 1060 quem

99 1078 260 1118 colorem
307 1077 472 1127 spongia
517 1089 678 1125 prorsus
725 1076 881 1114 delevit.
958 1076 1167 1126 Supplevit
1205 1077 1460 1125 Ritschelius,
1510 1079 1584 1116 nisi

99 1146 200 1197 quod
238 1159 272 1183 v.
313 1146 336 1182 '7
379 1145 627 1193 „modulatus
670 1142 752 1181 est-‘⁶
796 1145 975 1195 scripsit,
1021 1157 1069 1182 ne
1109 1145 1281 1193 dee-sset,
1329 1145 1432 1183 unde
1478 1150 1584 1184 recte

97 1215 280 1266 penderet
308 1226 343 1252 v.
377 1215 400 1251 9
442 1212 586 1259 totunm
633 1225 702 1250 nos
742 1225 826 1249 cum
860 1212 1103 1250 Willmanns.
1139 1219 1177 1250 et
1208 1213 1371 1251 Goetzio
1410 1214 1450 1251 id
1481 1227 1581 1264 prae-

71 1283 264 1329 tulimus,
297 1281 400 1331 quod
434 1281 680 1319 Terentianae
711 1280 935 1318 didascaliae
967 1286 1192 1319 constanter
1222 1282 1411 1332 praebent.

207 1351 242 1388 2.
301 1349 360 1387 Ex
392 1344 622 1387 Menandri
655 1345 860 1398 Adelphis
891 1349 1165 1388 Terentianam
1208 1351 1380 1388 fabulam
1412 1351 1583 1388 eiusdem

55 1455 61 1458 .
97 1419 257 1458 nominis
287 1431 441 1456 versam
473 1431 556 1455 esse
588 1418 684 1454 satis
716 1420 886 1464 constat3
921 1432 967 1455 ex
998 1418 1131 1455 eadem
1161 1418 1333 1456 Stichum
1362 1418 1584 1456 Plautinam

41 1509 51 1514 -
75 1487 246 1527 .ductam
285 1500 362 1524 non
401 1500 485 1523 esse
523 1490 709 1536 apparet3
756 1499 830 1523 non
873 1488 1010 1523 mirum
1049 1488 1171 1534 igitur
1216 1488 1321 1525 viros
1361 1487 1497 1524 doctos
1538 1487 1584 1524 de

98 1556 319 1606 integritate
336 1556 544 1605 scripturae
562 1554 775 1592 dubitasse.
822 1555 1046 1592 Hermanno
1063 1556 1218 1605 quidem
1237 1556 1362 1593 altera
1379 1542 1586 1593 Menandri

88 1623 244 1672 fabula,
286 1619 635 1672 ‚,Philadelph0e“‚
675 1621 886 1671 significari
918 1623 1147 1671 videbatur,
1186 1637 1349 1674 eumque
1383 1629 1584 1662 auctorem

97 1695 246 1732 secutus
277 1691 512 1730 Ritschelius
550 1692 588 1727 in
622 1690 803 1740 Parergis
840 1704 877 1740 p.
913 1692 992 1729 274
1025 1705 1081 1741 sq.
1113 1693 1336 1741 fragmenta
1373 1706 1421 1729 ex
1453 1691 1581 1729 Phila-

97 1757 245 1810 delphis
275 1763 433 1798 servata
465 1773 488 1796 a
518 1758 650 1796 Sticho
681 1773 758 1796 non
790 1759 1002 1797 abhorrere
1035 1760 1241 1798 ostendere
1272 1765 1447 1798 conatur.
1509 1760 1585 1798 Sed
1615 1774 1618 1778 ’

98 1831 137 1866 et
162 1827 233 1866 hoc
261 1841 398 1878 parum
430 1828 464 1863 ei
495 1828 703 1874 successit,
746 1841 816 1865 nec
853 1840 993 1866 nomen
1024 1828 1200 1866 Graecum
1233 1842 1317 1866 cum
1351 1832 1584 1876 argumento

74 1894 274 1951 ''lfflautino
303 1897 502 1941 convenit,
543 1895 611 1932 ubi
650 1909 726 1933 non
759 1896 806 1933 de
837 1896 1012 1933 fraterno
1044 1897 1111 1933 sed
1144 1897 1191 1933 de
1224 1897 1419 1946 coniugali
1451 1909 1584 1934 amore

99 1965 234 2014 agitur.
308 1965 429 2002 Immo
475 1964 559 2001 iure
597 1963 813 2001 Schoellius
852 1963 952 2002 Ann.
993 1965 1130 2014 philol.
1163 1964 1288 2002 CXIX
1325 1978 1364 2015 p.
1406 1965 1457 2002 44
1498 1977 1583 2014 sqq.

97 2033 328 2083 scripturam
375 2033 521 2070 codicis
565 2035 719 2078 tuetur,
767 2034 799 2069 si
845 2031 1002 2081 quidem
1042 2033 1259 2070 Menander
1304 2033 1400 2070 duas
1446 2032 1584 2071 eodem

37 2103 42 2106 ’
96 2101 244 2142 nomine
274 2100 426 2138 fabulas
458 2089 633 2150 scripsit,
676 2105 719 2137 ut
756 2105 923 2150 apparet
954 2114 1000 2138 ex
1031 2101 1150 2138 schol.
1184 2101 1231 2138 ad
1264 2101 1440 2139 Platonis
1472 2100 1581 2138 Phae-

99 2166 206 2214 drum
237 2174 359 2207 exilu:
403 2169 502 2205 κοινὰ
525 2169 567 2204 τὰ
592 2170 658 2204 τῶν
682 2171 795 2216 φίλων
812 2198 818 2203 .
835 2198 841 2204 .
859 2198 865 2203 .
884 2169 1092 2218 Μένανδρος
1116 2173 1151 2206 ἐν
1174 2169 1409 2218 .’·1δελφοῖςβ’.
1457 2168 1585 2207 Verba

76 2234 252 2279 ,laudata
289 2237 474 2286 leguntur
518 2237 622 2287 apud
668 2237 894 2274 Terentium
938 2237 1009 2273 Ad.
1055 2237 1153 2274 804:
1204 2236 1457 2285 „Communia
1501 2250 1585 2275 esse

96 2305 302 2344 micorum
342 2307 445 2343 inter
484 2318 523 2343 se
569 2302 740 2342 omnia“.
824 2304 861 2340 Is
907 2305 1029 2352 igitur
1073 2307 1336 2355 posteriorem
1377 2305 1586 2342 Menandri

83 2370 265 2411 fabulam
308 2374 594 2423 interpretatus
639 2376 715 2419 est,
762 2372 925 2410 Plautus
965 2374 1004 2410 in
1042 2372 1173 2410 Sticho
1216 2375 1388 2423 priorem
1428 2376 1584 2412 secutus

63 2434 260 2501 *iffidetun
323 2441 383 2479 Ad
413 2441 574 2479 eandem
605 2442 778 2492 pertinet
808 2440 854 2478 fr.
889 2454 935 2477 ex
967 2439 1074 2478 Stob.
1108 2441 1246 2480 Floril.
1279 2441 1379 2489 LVI,
1414 2442 1454 2479 3:

55 2503 117 2564 Ξ..)
349 2512 455 2559 Χαῖρ’,
488 2503 514 2546 ὦ
541 2511 626 2557 φίλη
656 2511 712 2559 γῆ,
743 2509 802 2545 διὰ
832 2509 966 2559 χρόνου
997 2510 1134 2546 πολλοῦ
1165 2509 1197 2546 α’
1229 2509 1313 2546 ἰδών
1509 2515 1511 2517 ’

71 2576 129 2620 ἱ..
351 2577 695 2626 ἀσπάζομαι-τουτὶ
724 2579 795 2627 γὰρ
826 2577 869 2614 οὗ
898 2579 1022 2614 πᾶσαν
1052 2578 1145 2614 ποιῶ

70 2621 133 2700 [ξε.
349 2646 410 2692 τὴν
438 2647 516 2696 γῆν,
551 2647 634 2683 ὅταν
665 2647 702 2683 δὲ
732 2646 863 2694 τούμὸν
893 2645 1000 2682 ἐσίδω
1031 2648 1172 2696 χωρίον·

348 2715 389 2751 τὸ
419 2715 492 2764 γὰρ
522 2716 652 2764 τρέφον
681 2729 736 2763 με,
767 2714 857 2751 tofi
890 2715 961 2764 ἐγὼ
988 2716 1094 2764 κρίνω
1126 2715 1227 2758 θεόν,

150 2790 182 2817 oe
212 2781 450 2828 Meinekius,
491 2784 585 2832 quia
616 2796 637 2820 a
669 2782 845 2819 Terentii
876 2781 1065 2832 Adelphis
1096 2782 1223 2819 aliena
1254 2786 1400 2829 essent,
1434 2782 1584 2819 Iustino
