2009 3218
359 147 439 186 370
502 127 508 134 “
1055 143 1180 177 Plauti
1597 141 1644 184 11,
1670 144 1701 185 5,
1726 143 1840 178 8——25
1913 125 1952 202 ξ

1933 237 1945 261 4

1922 322 1952 386 ἴ

559 267 684 309 Lucri
716 281 849 310 causa
879 281 1015 310 auara
1045 267 1252 322 probrum
1285 280 1378 309 sum
1410 271 1627 311 exsecuta.

559 339 732 381 Alienos
764 339 934 381 dolores
966 338 1071 380 mihi
1102 339 1339 392 supposiui.
1770 349 1839 383 455

556 411 671 452 Nam
701 409 863 451 nullam
891 424 983 452 rem
1015 414 1187 463 oportet
1217 409 1366 451 dolose
1397 409 1627 462 adgrediri,

557 481 650 523 Nisi
682 486 824 523 astute
855 495 944 523 eam
974 481 1270 535 adcurateque
1302 494 1552 534 exsequare.

557 552 736 594 Uosmet
765 553 850 594 iam
882 552 1038 594 uidetis
1068 557 1116 594 ut
1146 556 1301 594 ornata
1330 551 1501 603 inced03

555 623 787 678 Puerperio
820 637 897 678 ego
929 637 1043 665 nunc
1075 637 1143 665 me
1173 637 1267 666 esse
1299 637 1471 676 aegram
1504 620 1727 665 adsimulo.

353 695 465 736 Male
483 695 598 749 quod
616 695 768 736 mulier
784 695 927 737 facere
944 696 1117 749 incepit,
1144 696 1225 736 nisi
1248 695 1295 736 id
1316 694 1492 736 ecficere
1509 700 1745 749 perpetrat,
1770 707 1840 741 460

353 766 402 808 Id
432 766 494 808 illi
527 766 726 817 morbost,
755 767 799 808 id
830 767 892 808 illi
923 767 1044 808 senio
1075 771 1155 816 est,
1188 781 1239 808 ea
1267 766 1331 807 illi
1362 767 1544 807 miserae
1574 767 1801 809 miseriast.

355 838 468 880 Bene
500 839 534 879 si
565 838 708 879 facere
739 840 913 891 incepit,
945 839 1035 879 eius
1067 852 1159 880 eam
1187 838 1312 879 nimis
1344 839 1430 880 cito
1462 838 1609 878 odium
1640 839 1838 892 percipit.

355 909 488 950 Nimis
527 923 657 962 quam
698 923 864 963 paucae
903 914 1005 951 sunt
1042 909 1254 958 defessae,
1295 909 1404 950 male
1443 918 1554 962 quae
1594 909 1734 951 facere
1764 924 1834 952 oc-

1300 985 1519 1034 ceperunt.

350 1051 576 1105 Nimisque
607 1065 772 1105 paucae
804 1051 1019 1103 ecficiunt,
1051 1053 1087 1093 si
1118 1052 1222 1105 quid
1252 1052 1394 1094 facere
1426 1058 1683 1106 occeperunt.
1713 1052 1836 1094 bene.

352 1123 520 1165 Mulieri
551 1124 683 1164 nimio
717 1123 825 1165 male
857 1122 1000 1165 facere
1031 1123 1169 1165 leuius
1203 1137 1312 1166 onus
1346 1132 1409 1165 est
1442 1136 1570 1177 quam
1603 1124 1724 1165 bene.
1769 1135 1836 1168 465

351 1195 439 1247 Ego
479 1195 596 1249 quod
638 1195 750 1236 mala
789 1209 903 1246 sum,
951 1196 1100 1236 matris
1142 1209 1273 1249 opera
1311 1195 1427 1236 mala
1465 1209 1560 1237 sum
1592 1200 1634 1235 et
1666 1201 1839 1248 meapte

1299 1267 1479 1317 malitia,

352 1339 471 1388 Quae
503 1351 569 1379 me
600 1337 825 1391 grauidam
856 1351 950 1379 esse
981 1337 1241 1380 adsimulaui
1273 1338 1398 1379 militi
1430 1338 1678 1392 Babylonio.

352 1409 458 1450 Eam
488 1423 603 1451 nunc
636 1409 846 1450 malitiam
879 1409 1134 1450 adem-atam
1166 1410 1288 1451 miles
1318 1411 1514 1451 inueniat
1544 1409 1656 1450 uolo.

355 1481 395 1522 Is
423 1481 490 1522 hic
513 1481 624 1522 haud
650 1480 784 1522 multo
809 1485 917 1534 post,
950 1481 1094 1529 credo,
1128 1481 1286 1533 aderit3
1318 1495 1430 1523 nunc
1454 1482 1572 1535 prius
1595 1495 1838 1534 praecaueo

414 1604 418 1607 μ
1301 1554 1453 1604 sciens,

353 1625 548 1678 Eumque
581 1629 780 1666 ornatum
812 1624 913 1665 mihi
947 1624 1129 1677 prouidi,
1162 1626 1287 1677 quasi
1319 1625 1546 1679 puerperio
1579 1624 1743 1666 cubem.
1767 1634 1839 1668 '470

353 1696 459 1737 Date
493 1696 594 1737 mihi
624 1696 706 1737 huc
737 1700 920 1737 stactam
953 1701 1084 1749 atque
1115 1696 1257 1749 ignem
1286 1696 1329 1737 in
1362 1709 1505 1745 aram,
1547 1700 1596 1737 ut
1635 1709 1842 1737 uenerem-

1297 1756 1501 1809 Lucinam
1534 1781 1682 1809 meam.

353 1840 432 1881 Hic
464 1841 668 1894 adponite
699 1845 830 1893 atque
863 1839 980 1880 abite
1011 1839 1065 1880 ab
1099 1839 1246 1880 oculis.
1307 1839 1412 1890 Eho,
1443 1838 1694 1890 Pithecium,

353 1912 461 1953 Face
491 1916 540 1953 ut
571 1911 846 1962 adcumbam,
886 1910 1064 1961 accede,
1103 1910 1264 1952 adiuta.
1326 1910 1425 1960 Em,
1457 1911 1519 1951 sic
1551 1910 1676 1952 decet
1705 1924 1834 1964 puer-

1295 1995 1454 2035 peram.

459 2184 526 2216 455
551 2183 727 2226 supposui
755 2181 784 2216 Ο
882 2183 948 2216 456
973 2180 1066 2215 Nam
1090 2192 1155 2216 om.
1266 2182 1333 2215 457
1358 2193 1438 2216 eam
1463 2191 1528 2216 om.
1635 2191 1833 2224 exsequere

347 2239 412 2273 459
438 2250 553 2273 essem
669 2245 756 2282 egra
779 2237 824 2279 B,
852 2239 993 2281 egratia
1020 2237 1048 2272 C
1162 2239 1229 2272 460
1252 2238 1289 2271 id
1315 2247 1381 2272 om.
1497 2238 1561 2272 461
1587 2238 1718 2272 morbo

347 2298 406 2329 est
429 2305 493 2330 om.
519 2293 554 2329 Β
649 2295 781 2329 misere
874 2296 941 2328 462
966 2295 996 2328 si
1023 2294 1121 2330 Bene
1149 2293 1178 2329 G
1256 2295 1332 2329 eius
1358 2299 1416 2328 eni
1441 2295 1535 2329 scito
1614 2295 1681 2328 463
1706 2304 1770 2329 om.
1795 2293 1834 2328 B

437 2362 519 2395 quae
535 2362 648 2395 pauce
665 2350 694 2386 C'
749 2351 887 2386 defesse
901 2350 1069 2394 maleque
1085 2349 1114 2385 C'
1170 2355 1389 2394 occeperent
1403 2350 1432 2385 C
1497 2352 1564 2386 464
1575 2350 1693 2385 Nimis
1707 2361 1789 2394 quae
1804 2349 1833 2385 Ο

436 2419 551 2452 pauce
642 2412 797 2451 occepef·
823 2408 913 2442 bene
940 2407 1063 2442 facere
1087 2407 1134 2448 B,
1161 2398 1371 2451 occeperint
1395 2408 1489 2442 bene
1513 2407 1633 2442 facere
1660 2407 1688 2443 G
1764 2408 1832 2441 465

346 2465 473 2499 melius
568 2468 621 2498 est
649 2475 740 2498 onus
767 2464 795 2498 Ο
884 2465 950 2498 469
977 2465 1067 2498 Istic
1093 2470 1158 2498 aut
1237 2475 1345 2508 prece
1371 2476 1485 2499 caneo
1566 2465 1634 2498 470
1659 2469 1828 2498 ornatum

347 2527 387 2555 ut
401 2520 552 2565 grauida
567 2521 669 2564 quasi
683 2531 774 2565 puer
788 2521 1024 2564 perlocubem
1094 2522 1158 2554 471
1186 2522 1337 2556 eiectam
1409 2521 1582 2557 benerem
1648 2521 1771 2556 iucina
1783 2520 1829 2565 B,

346 2579 464 2612 uicina
493 2577 522 2612 Ο
643 2578 710 2610 472
735 2589 752 2611 e
779 2578 838 2620 opi
863 2577 1008 2612 hecium
1032 2577 1077 2620 B,
1105 2577 1304 2622 opihetium
1333 2576 1362 2611 C
1490 2579 1556 2613 473
1581 2577 1750 2612 adiutare
1775 2578 1829 2612 sic

435 2645 535 2678 pueri
563 2645 660 2668 eram

1916 2556 1929 2586 ¹.
1910 2418 1916 2433 ο
1911 2106 1915 2107 ,

1960 2347 1968 2546 -s-——m-
1962 2075 1969 2323 vmu..-.„...-
1967 2035 1969 2038 .

1906 2627 1924 2641 ι

1910 2873 1914 2877 .
1908 2848 1910 2850 -
1909 2795 1917 2809 ,.
1910 2752 1915 2755 .

1956 2955 1961 2978 ⁴0
1956 2764 1966 2942 -s—sr--x--z
