2009 3218
385 211 475 252 490,
1041 185 1198 240 Rudens.

377 338 476 373 istae
518 333 657 381 sunt“;
706 337 744 371 in
784 334 943 372 eandem
983 336 1212 371 sententiam
1254 334 1332 370 Leo
1363 332 1495 369 Herm.
1526 331 1657 369 XVIII
1686 346 1724 382 p.
1760 334 1837 371 576

382 405 541 451 „Tricae
565 405 660 439 istae
678 400 819 439 sunt-‘W‘
855 415 986 439 verum
1007 402 1137 438 Latini
1160 400 1335 449 „Nugas“
1358 404 1425 436 aut
1446 399 1625 446 „Tricas“
1647 401 1850 438 dixissent.

379 468 586 509 —uerior
616 470 735 508 Cam..
769 470 814 506 cf.
833 470 916 506 Mil.
939 471 1063 506 1361:
1102 469 1264 514 „Dicent
1293 471 1331 503 t'e
1361 466 1584 504 mendacem
1614 481 1683 504 nec
1713 480 1852 504 uerum

379 553 473 585 esse,
506 539 581 576 fide
612 538 716 575 nulla
747 551 829 574 esse
859 536 938 574 te“.
1014 536 1090 574 Sed
1124 537 1235 583 (erqo
1266 547 1387 585 pravo
1418 535 1504 572 loco
1535 535 1695 583 legitur,
1728 547 1853 584 neque

379 608 476 644 enim
516 612 668 655 tergum
709 618 841 643 verum
879 608 956 649 est,
1002 604 1069 641 sed
1099 605 1199 650 tergi
1230 603 1454 640 testimonio
1486 602 1533 638 de
1563 603 1732 639 veritate
1763 615 1853 640 con-

377 675 564 711 tenditur.
625 673 762 722 Itaque
793 677 861 709 aut
892 671 1106 709 omittenda
1137 671 1219 708 haee
1249 683 1322 707 vox
1353 674 1419 706 aut
1443 669 1707 706 scribendum:
1746 665 1851 708 Con-

379 739 496 779 tende
526 751 621 789 erqo
651 741 782 789 tergm,
824 740 913 778 uter
943 739 1000 778 sit
1029 735 1180 776 uerior.
1212 758 1265 764 -—
1306 739 1399 775 743.
1442 733 1753 784 offerumentas,
1793 737 1850 773 fe·

379 811 524 847 minino
556 822 696 858 genere
726 813 770 845 ut
800 812 1005 854 eaementa,
1046 811 1232 844 ramenta.
1295 806 1398 843 Fest.
1433 805 1538 854 Epit.
1571 817 1608 853 p.
1638 805 1734 841 188:
1772 803 1859 850 „Of-

378 879 595 915 ferumenta
640 877 821 914 dicebant
867 890 952 926 quae
998 873 1255 913 offerebant“.
1315 873 1366 910 Et
1405 873 1610 910 Turnebus
1649 872 1784 920 plagas
1821 876 1860 909 et

382 947 528 983 vibices
560 945 824 993 intelligebat,
872 957 955 993 quae
987 948 1095 992 tergo
1127 942 1362 980 offerrentur
1393 945 1510 989 atque
1540 942 1597 977 ita
1627 939 1860 976 offerrentur

380 1018 424 1051 ut
454 1015 574 1051 sacris
605 1013 821 1063 parietibus
853 1011 1015 1048 deorum
1047 1011 1209 1047 donaria
1240 1010 1344 1059 affigi
1368 1009 1506 1046 solent.
1566 1008 1659 1054 Quae
1683 1011 1721 1044 et
1744 1007 1859 1055 longe
1929 1008 1937 1039 T'

381 1083 505 1131 petita
535 1080 737 1126 videntur,
784 1093 853 1117 nec
891 1079 1147 1116 offerumenta
1188 1079 1234 1115 ab
1274 1077 1472 1116 offerendo
1512 1076 1680 1113 derivari
1718 1079 1858 1125 potest,

380 1150 597 1198 praesertim
637 1162 752 1198 quum
793 1161 816 1184 u
855 1147 1013 1194 longum
1052 1147 1112 1183 sit.
1188 1145 1331 1191 Credo,
1380 1144 1644 1182 offerimentas
1681 1144 1801 1181 fuisse
1837 1156 1858 1179 a

382 1217 568 1254 feriendo.
600 1236 655 1240 —
696 1216 788 1252 745.
835 1210 957 1252 Poste
987 1211 1162 1262 aspicito
1195 1215 1239 1251 tu
1269 1213 1447 1250 Mueller.
1480 1211 1688 1259 Nachtrag.
1721 1226 1759 1261 p.
1794 1212 1856 1249 68.

381 1285 427 1322 cf.
461 1284 509 1321 ad
539 1285 647 1321 Asin.
681 1284 773 1321 906.
814 1303 867 1308 —
914 1283 993 1320 746
1025 1296 1082 1332 sq.
1122 1281 1278 1319 Corium
1311 1294 1421 1318 suum
1450 1281 1743 1329 integerrimum
1775 1292 1859 1316 esse

382 1353 494 1398 dicim
534 1353 708 1400 quemvis
747 1347 1038 1399 ampullarium
1076 1351 1333 1400 probaturum
1366 1362 1448 1386 esse
1480 1348 1528 1384 ad
1560 1347 1769 1397 ampullam
1800 1347 1858 1384 fa-

382 1420 576 1465 ciendam3
624 1420 680 1456 hae
720 1421 819 1456 enim
861 1433 907 1456 ex
940 1419 1043 1455 corio
1074 1418 1240 1463 fiebant,
1288 1431 1322 1454 v.
1357 1417 1405 1454 ad
1436 1415 1555 1453 Stich.
1589 1416 1682 1453 234.
1744 1412 1859 1464 operi

381 1488 489 1525 Reiz.
520 1508 573 1512 —-
608 1488 699 1525 748.
736 1483 847 1536 Quid
875 1496 1022 1525 causae
1052 1486 1124 1533 est,
1158 1486 1204 1522 cf.
1238 1485 1285 1522 ad
1316 1484 1455 1534 Amph.
1483 1485 1574 1521 845.
1607 1484 1709 1521 infra
1738 1484 1855 1522 1057.
1902 1472 1907 1476 '

383 1576 435 1581 —
477 1557 566 1593 749.
607 1566 729 1604 quus,
771 1571 803 1593 v.
840 1555 966 1592 Madv.
1001 1555 1066 1591 Gr.
1100 1554 1144 1591 L.
1177 1555 1270 1591 448.
1340 1553 1459 1599 Quem
1500 1565 1612 1588 usum
1643 1565 1690 1588 ne
1721 1552 1807 1600 quis
1837 1564 1860 1588 a

382 1624 523 1661 Plauto
556 1625 722 1660 alienum
754 1627 886 1673 putet,
921 1623 967 1660 cf.
1000 1624 1093 1661 959.
1131 1642 1178 1646 —
1215 1623 1306 1659 750.
1346 1617 1403 1658 At
1434 1617 1532 1670 quin
1562 1619 1632 1656 hoc
1663 1632 1741 1656 uno
1773 1619 1858 1657 loco

383 1693 544 1741 legitur3
584 1691 732 1729 Camer.
766 1697 803 1727 et
838 1691 1041 1728 Ribbeck:
1080 1688 1266 1740 ‚,Atqui“.
1299 1709 1353 1714 —
1389 1689 1479 1726 751.
1529 1683 1757 1726 Uolcanum
1786 1684 1857 1725 ad-

384 1758 546 1805 ducam,
592 1766 634 1797 ut
667 1760 781 1797 Most.
818 1761 921 1796 1095
964 1771 1080 1796 senex
1119 1758 1234 1794 herus
1272 1769 1405 1803 servO,
1452 1757 1518 1804 qui
1558 1756 1605 1792 ad
1637 1769 1744 1792 aram
1776 1765 1857 1792 con-

383 1830 498 1877 fugit:
537 1829 633 1873 „tibi
657 1830 733 1865 iam
758 1827 897 1863 iubebo
925 1828 1049 1874 ignem
1079 1830 1117 1862 et
1141 1830 1349 1870 sarmenta,
1376 1825 1559 1869 carnifex,
1587 1821 1857 1860 circumdari“.

382 1916 436 1922 -—
483 1898 575 1935 752.
624 1896 778 1932 Labrax
818 1894 866 1931 ad
907 1894 1099 1931 Daemonis
1137 1894 1238 1930 aedes
1280 1893 1447 1938 accedit,
1493 1896 1537 1928 nt
1574 1893 1700 1940 ignem
1738 1894 1858 1942 petat.

387 1985 431 1989 —
471 1966 562 2001 753.
594 1960 664 2012 fiet
693 1960 739 2000 in
769 1973 836 2000 ore
867 1964 1003 2011 scripsi
1035 1975 1169 1998 versus
1200 1974 1335 2006 eausa3
1374 1959 1453 1996 Fl.:
1498 1960 1600 2005 „Iam
1631 1959 1702 1996 tibi
1732 1959 1860 1996 hercle

384 2034 420 2068 in
454 2045 520 2068 ore
550 2032 617 2068 fiet
649 2028 823 2078 messis“.
856 2050 909 2055 —-
946 2026 1115 2079 Μενρὶε,
1156 2029 1318 2065 furculis
1348 2027 1487 2076 quibus
1516 2033 1682 2064 utuntur
1711 2027 1859 2074 rustici,

383 2115 417 2137 v.
451 2101 499 2137 ad
531 2100 645 2136 Poen.
684 2101 801 2137 1015.
853 2096 1057 2147 Ραμηθὶε,
1104 2096 1232 2141 Cam,
1278 2097 1303 2134 i.
1336 2110 1367 2132 e.
1400 2108 1631 2145 pugnorum.
1670 2114 1722 2120 -—
1767 2096 1857 2133 755.

384 2165 423 2206 Si
454 2165 637 2217 quidem;
685 2181 729 2203 ea
761 2167 984 2204 condicione
1015 2179 1056 2202 se
1087 2167 1213 2213 ignem
1247 2164 1426 2200 daturum
1459 2163 1572 2208 dicit,
1613 2167 1658 2200 ut
1696 2177 1781 2201 eum
1820 2164 1859 2200 in

385 2238 512 2286 capite
551 2238 630 2273 eius
669 2235 866 2273 accendat.
907 2254 963 2258 —
1003 2235 1095 2271 757.
1141 2231 1349 2278 „Quinin“‚
1390 2245 1468 2269 non
1503 2231 1627 2277 „Quin
1656 2229 1725 2268 ιιίιδι
1758 2232 1797 2268 in
1826 2231 1861 2268 A

384 2306 460 2354 legi
493 2304 698 2341 videbatur
730 2302 1016 2348 Studemundo,
1057 2316 1091 2339 v.
1126 2301 1280 2337 Kienitz
1311 2300 1358 2336 de
1390 2299 1490 2345 Quin
1530 2299 1723 2349 particula
1752 2311 1789 2348 p.
1822 2299 1858 2343 2,

385 2374 451 2421 qui
491 2372 579 2409 inde
618 2372 821 2421 proponit:
873 2371 998 2417 „Quin
1044 2369 1294 2406 inhumanum
1333 2380 1471 2404 exuras
1510 2365 1652 2412 tibi‘?“‚
1702 2367 1782 2404 fere
1818 2371 1862 2403 ut

386 2440 500 2489 Seyff.
541 2439 650 2476 Stud.
691 2452 729 2488 p.
765 2442 806 2476 3:
863 2438 986 2485 „Quin
1025 2441 1112 2474 tute
1150 2436 1361 2473 humanum
1399 2448 1537 2472 exuras
1577 2432 1702 2471 tibi?“
1756 2433 1859 2483 quod

385 2513 545 2557 propter
577 2507 861 2544 coniunctivum
893 2507 1003 2554 quasi
1039 2504 1211 2551 „Quine“
1246 2503 1561 2550 intelligendum.
1631 2501 1706 2539 Sed
1745 2515 1791 2539 ne
1820 2502 1859 2538 in

386 2577 542 2612 incertis
572 2575 707 2612 formis
738 2587 934 2621 vagemur,
969 2574 1041 2610 hoc
1072 2575 1195 2622 ipsum
1233 2568 1364 2620 Quive
1395 2571 1652 2617 scribendum,
1686 2570 1732 2607 cf.
1766 2570 1858 2607 271.

387 2645 480 2680 Post
511 2643 584 2680 hoc
614 2647 740 2679 autem
771 2640 861 2687 „ut“
891 2642 983 2678 ferri
1010 2654 1084 2677 non
1115 2644 1256 2689 potest.
1317 2639 1396 2677 Nec
1415 2635 1675 2685 „humanum“
1694 2637 1858 2688 probum

387 2716 457 2749 est.
526 2711 726 2748 Daemones
764 2711 895 2759 potius
934 2708 1094 2755 diceret,
1140 2709 1178 2745 in
1217 2709 1354 2745 lenone
1393 2707 1487 2744 nihil
1526 2707 1684 2744 humani
1721 2707 1856 2743 inesse.

387 2778 523 2825 Quare'
539 2793 615 2816 non
639 2780 719 2815 sine
743 2778 895 2814 ratione
922 2777 1097 2813 Reizius:
1135 2776 1282 2821 „Quine
1305 2780 1345 2812 tu
1370 2788 1522 2812 manum
1551 2787 1691 2811 exuras
1714 2768 1856 2817 tibi?“,
