2009 3218
719 231 968 267 Trinummus.
1504 235 1583 273 563

216 361 475 398 Personarum
514 364 646 397 tamen
678 360 982 408 colloquentium
1015 361 1157 398 indicia
1187 375 1256 410 per
1287 361 1385 399 hanc
1416 361 1586 399 fabulam

105 442 204 479 soepe
236 429 467 474 coniectura,
508 428 576 465 sed
606 427 835 477 plerumque
867 429 1023 465 minime
1056 428 1222 473 difficili,
1267 429 1450 478 suppleta
1481 433 1583 474 sunt,

105 509 190 536 nam
231 510 349 547 quum
388 497 426 533 in
457 497 491 533 A
521 500 560 533 et
590 495 618 533 C
655 499 809 532 tantum
848 497 977 545 spatia
1015 497 1149 533 relicta
1191 498 1460 544 inveniantur,
1504 497 1533 534 B
1565 510 1586 533 a

104 579 140 604 v.
173 565 251 603 278
292 565 341 602 ad
382 565 459 602 333
500 568 538 601 et
575 578 595 599 a
636 564 715 601 402
755 563 804 600 ad
841 563 954 600 finem
993 563 1132 601 fabulae
1173 569 1283 601 notas
1329 578 1584 614 personarum

105 632 232 685 habet.
293 632 360 669 Eae
385 632 527 669 Graeoae
559 632 700 669 litterae
731 632 889 668 fuerunt
922 632 969 668 ad
1001 645 1084 669 eum
1119 633 1196 669 fere
1228 633 1404 670 ordinem
1436 647 1583 671 accom-

104 700 286 746 modatae,
327 714 404 750 quo
444 713 620 750 personae
659 702 696 737 in
735 713 889 736 scenam
936 703 1096 747 exeunt,
1141 704 1185 737 ut
1225 701 1392 738 vidimus
1432 701 1583 751 Proleg.

104 782 141 820 p.
177 769 252 806 158
285 773 324 805 et
362 769 410 805 ad
442 768 603 806 Poenul.
635 782 672 818 p.
709 769 800 806 294.
876 767 951 805 Sed
992 781 1056 805 eas
1094 767 1277 805 librarius
1318 782 1394 806 non
1433 783 1586 819 semper

35 860 38 861 ν
103 838 194 874 satis
211 840 389 874 accurate
406 836 601 882 reddidit;
635 837 798 873 maxime
824 838 862 872 in
889 840 1065 877 extrema
1088 836 1228 873 fabulae
1252 849 1365 873 scena
1388 837 1584 874 interdum

105 910 214 944 notas
245 905 441 950 confudit,
483 906 648 942 maxime
680 918 764 954 quae
795 905 1000 942 simillimae
1031 908 1141 950 sunt,
1184 912 1216 941 A
1246 908 1283 941 et
1315 911 1354 951 A,
1389 906 1497 942 cuius
1529 907 1585 941 rei

102 975 294 1012 rationem
326 987 461 1022 parum
501 973 740 1022 probabilem
780 973 960 1022 quaesivit
991 969 1064 1009 R.²
1095 972 1203 1021 praef.
1236 987 1272 1022 p.
1306 973 1386 1010 LV.
1462 973 1586 1022 Igitur

29 1061 42 1086 κ,
103 1049 135 1080 Α
163 1041 428 1091 Megaronidis
470 1045 561 1079 nota
600 1045 659 1079 est
699 1055 732 1078 v.
769 1042 846 1078 730
885 1054 992 1090 sqq.,
1039 1047 1072 1077 B
1101 1040 1270 1079 Calliclis
1309 1054 1345 1078 v.
1380 1042 1458 1078 630
1500 1054 1582 1090 sqq.

104 1110 284 1159 Lysitelis
315 1114 410 1147 nota
441 1115 472 1146 Γ
499 1122 580 1147 esse
613 1109 801 1155 debebat,
837 1110 906 1146 sed
937 1122 1019 1145 eam
1051 1110 1234 1147 librarius
1266 1111 1460 1159 corrupit3
1501 1111 1583 1159 ple-

103 1190 263 1227 rumque
297 1185 323 1213 Z
352 1179 522 1226 scripsit,
555 1182 707 1215 tantum
740 1178 815 1215 331
844 1181 883 1214 et
910 1178 1015 1214 1114
1037 1180 1075 1214 C.
1145 1182 1175 1213 A
1206 1177 1408 1223 Philtonis,
1441 1180 1467 1215 G
1492 1177 1584 1214 Les-

105 1245 230 1283 bonici
260 1251 357 1283 nota
387 1249 446 1282 est
476 1259 510 1282 v,
537 1247 616 1283 402
644 1259 728 1295 sqq.
790 1245 945 1283 Stasimi
978 1250 1070 1284 nota
1101 1252 1136 1282 K
1167 1251 1237 1292 est,
1270 1247 1294 1281 i.
1323 1260 1354 1283 e.
1383 1253 1431 1292 H,
1465 1245 1584 1283 Char-

104 1313 215 1351 midae
248 1319 278 1350 Θ
307 1327 342 1351 v.
372 1316 448 1352 851
483 1328 587 1363 sqq.,
621 1314 878 1364 Sycophantae
902 1321 936 1350 X
965 1327 999 1351 v.
1035 1316 1114 1352 842
1144 1327 1227 1364 sqq.
1296 1314 1422 1365 Supra
1453 1328 1586 1352 scenas

102 1382 320 1420 uncialibus
365 1383 509 1419 litteris
560 1383 733 1419 miniatis
785 1382 1052 1420 scribebantur
1106 1396 1360 1432 personarum
1416 1385 1585 1439 nomina.

103 1449 194 1496 Quae
225 1452 406 1500 quoniam
438 1454 528 1500 post
557 1452 684 1500 ipsum
717 1454 941 1488 contextum
965 1453 1230 1501 perscriptum
1256 1451 1435 1489 addenda
1461 1455 1583 1498 erant,

39 1527 46 1532 ·
102 1518 282 1556 librarius
322 1519 466 1556 codicis
500 1519 551 1565 B,
597 1532 645 1556 ne
686 1518 887 1556 dubitaret
925 1519 1146 1556 rubricator
1185 1519 1326 1569 quibus
1366 1519 1586 1558 nominibus

102 1586 237 1624 relicta
266 1589 394 1638 spatia
425 1587 619 1638 expleret,
668 1591 841 1624 extremo
874 1587 1136 1624 antecedentis
1175 1600 1296 1625 scenae
1336 1589 1466 1625 versui
1497 1601 1585 1638 per-

102 1666 286 1692 sonarum
317 1656 474 1693 nomina
498 1655 641 1693 addere
667 1655 820 1692 solebat
842 1655 1067 1704 vulgaribus
1094 1655 1240 1693 litteris
1272 1657 1430 1705 scripta.
1493 1656 1586 1702 Quae

104 1735 220 1772 quum
251 1723 483 1774 plerumque
513 1724 658 1761 unciali
697 1725 892 1773 scriptura
929 1727 1180 1773 repetantur,
1223 1724 1416 1761 interdum
1456 1728 1587 1762 tamen

104 1791 163 1829 his
185 1793 336 1830 omissis
359 1794 530 1830 miniatae
557 1793 692 1829 littera
715 1796 868 1829 tantum
892 1792 1110 1841 generalem
1136 1793 1412 1830 indicationem
1430 1793 1586 1839 habent,

50 1900 57 1907 ‚
105 1858 454 1908 ADULESCENS,
489 1860 662 1908 SENES,
695 1861 759 1907 al.,
790 1874 824 1897 v.
863 1861 980 1897 1114.
1019 1861 1136 1897 1124.

218 1928 440 1978 Separatim
485 1929 585 1966 hanc
629 1928 801 1966 fabulam
840 1928 951 1965 multi
992 1928 1217 1975 ediderunt,
1266 1929 1373 1966 velut
1411 1928 1456 1966 G.
1490 1929 1587 1966 Her-

107 2009 270 2034 mannus
305 1994 471 2045 (1800),
518 1997 701 2035 Gollerus
742 1994 908 2043 (1824),
950 1996 1240 2034 Lindemannus
1275 1993 1439 2046 (1830),
1490 1997 1590 2046 Gep-

44 2120 45 2123 ,
106 2068 241 2113 pertus
273 2061 349 2112 (ed.
382 2066 448 2103 alt.
486 2063 622 2114 1854),
654 2065 873 2113 Wagnerus
904 2060 1152 2113 (Cambridge
1187 2061 1320 2114 1872),
1361 2064 1591 2115 Spengelius

108 2127 263 2182 (1875),
294 2133 449 2172 Brixius
481 2132 556 2181 (ed.
590 2138 680 2171 tert.
719 2132 839 2179 1878)
873 2146 958 2170 cum
991 2135 1268 2171 commentario
1300 2135 1460 2183 optimo.

686 2304 1027 2349 Argumentum

94 2385 380 2423 ·aerostichum.
446 2388 478 2423 1.
530 2379 835 2430 Thensaurum,
882 2397 916 2421 v,
964 2385 1025 2421 18.
1075 2403 1126 2408 —-
1172 2384 1313 2421 Hiatus
1355 2386 1394 2421 in
1435 2397 1594 2421 caesura.

111 2452 239 2492 Loew.
258 2453 370 2491 Anal.
399 2452 527 2490 Plaut.
555 2467 594 2503 p.
625 2454 699 2490 195
732 2448 938 2498 „abetens“
974 2452 1068 2489 coni.
1133 2452 1176 2489 R.
1200 2452 1322 2498 „clam
1345 2448 1593 2502 apstrusum“

79 2567 82 2573 .
113 2521 332 2572 scripserat.
351 2541 403 2546 —
430 2524 467 2559 4.
500 2521 550 2568 et,
577 2522 602 2559 i.
621 2535 652 2558 e.
680 2522 811 2557 etiam.
839 2539 891 2544 --
925 2522 960 2556 5.
985 2516 1190 2567 poscitur,
1220 2521 1260 2558 in
1290 2521 1595 2557 matrimonium.

64 2575 74 2636 'v
112 2608 167 2614 —
198 2591 235 2627 7.
267 2599 310 2627 se
340 2588 445 2627 Cam.
479 2609 532 2615 —
565 2590 600 2626 9.
634 2583 792 2626 nubunt
823 2582 942 2625 liberi
976 2587 1097 2626 Valla.
1161 2588 1261 2626 Non.
1287 2602 1324 2638 p.
1356 2589 1454 2626 1432
1492 2587 1596 2635 „Nu-

64 2695 66 2698 .
113 2657 205 2695 bere
235 2662 387 2695 veteres
417 2671 495 2696 non
526 2658 650 2695 solum
683 2656 885 2702 mulieres,
926 2655 994 2692 sed
1033 2657 1151 2694 etiam
1182 2658 1287 2695 viros
1319 2657 1517 2701 dicebant,
1557 2659 1600 2693 ut

114 2737 214 2763 nunc
236 2725 328 2763 Itali
353 2725 498 2764 dicunt.
545 2725 803 2774 Pomponius:
837 2723 980 2773 Nupsit
1004 2725 1200 2773 posterius
1224 2725 1394 2771 dotatae,
1427 2724 1598 2769 uetulae,

115 2794 326 2841 uaricosae,
357 2791 530 2831 uafrae“.

1264 2857 1328 2901 3'6*
