2009 3218
357 251 407 288 58
1040 241 1158 275 Plauti
1561 239 1624 280 IV,
1650 242 1680 282 4,
1706 239 1841 273 73—83

990 366 1210 408 Toxilus

354 442 520 483 Nomen
552 445 682 493 atque
714 453 837 481 omen
869 439 1091 493 quantiuis
1122 439 1207 478 iam
1240 441 1306 479 est
1338 437 1462 490 preti.
1523 435 1633 486 Quin
1660 442 1707 478 tu
1731 435 1842 478 hanc

1306 508 1441 549 emis?
1475 531 1524 536 —

355 585 495 627 Nimis
527 583 742 639 pauebam
773 596 826 624 ne
857 585 1080 637 peccaret3
1112 579 1345 634 expediuit.

964 682 1236 725 Dordalus

1542 752 1586 795 Si
1617 757 1660 795 ‘ce
1692 767 1843 805 emam,

357 830 462 872 Mihi
494 843 666 884 quoque
698 828 927 870 Lucridem
958 825 1127 868 confido
1160 825 1252 867 fore
1282 829 1337 867 te.

977 929 1042 970 To
1055 929 1139 981 qui
1149 928 1230 970 lus

1369 998 1434 1040 Tu
1465 998 1501 1040 si
1530 995 1643 1040 hanc
1675 998 1843 1048 emeris,

355 1077 597 1130 Numquam
630 1074 773 1116 hercle
805 1073 918 1114 hunc
950 1086 1137 1114 mensem
1176 1074 1437 1122 uomentem,
1473 1069 1621 1121 oredo,
1663 1069 1845 1111 seruibit

1307 1142 1400 1184 tibi.
1777 1152 1844 1186 625

963 1246 1237 1288 Dordalus

356 1322 424 1363 Ita
454 1321 582 1364 uelim
615 1320 786 1375 quidem
818 1319 973 1361 hercle.

992 1421 1213 1462 Toxilus

871 1493 1030 1548 Optata
1061 1496 1110 1534 ut
1142 1492 1356 1542 eueniant,
1388 1504 1565 1546 operam
1595 1489 1758 1532 addito.
1790 1513 1844 1518 —

359 1567 476 1609 Nihil
507 1567 649 1609 adhuc
680 1566 879 1621 peccauit
910 1566 1061 1607 etiam.

963 1667 1237 1709 Dordalus

1121 1738 1204 1780 Ubi
1235 1743 1283 1780 tu
1313 1741 1419 1779 nata
1449 1737 1524 1778 θεῖ)

1026 1840 1066 1882 U
1072 1840 1088 1881 ἱ
1098 1854 1185 1894 νζιο

1582 1908 1638 1951 Ut
1670 1908 1775 1950 mihi

361 1987 503 2029 Mater
534 1986 655 2036 dixit,
687 1986 730 2026 in
763 1985 918 2035 culina,
950 1985 993 2025 in
1025 1983 1182 2038 angulo
1213 1984 1266 2024 ad
1299 1983 1470 2024 laeuam
1501 1995 1687 2023 manum.

996 2085 1214 2128 Toxilus

361 2162 477 2204 Haec
509 2161 590 2202 erit
621 2160 702 2201 tibi
734 2159 880 2201 fausta
912 2159 1136 2209 meretrix3
1167 2162 1271 2199 nata
1302 2162 1370 2199 est
1400 2158 1442 2198 in
1475 2155 1615 2198 calido
1644 2154 1755 2205 loco,

359 2234 441 2275 Ubi
473 2247 616 2274 rerum
649 2232 840 2273 omnium
872 2231 1082 2272 bonarum
1115 2230 1240 2284 copia
1273 2234 1350 2271 est.
1389 2251 1434 2256 -—
1470 2227 1721 2269 Scitissume
1783 2236 1851 2270 630

359 2306 541 2347 'factust
571 2304 681 2354 leno,
713 2303 788 2357 qui
819 2307 1006 2355 rogarat,
1039 2302 1112 2343 ubi
1144 2307 1248 2344 nata
1279 2306 1405 2352 esset,
1438 2300 1614 2342 diceret.

361 2376 523 2431 Lepide
554 2375 669 2417 lusit.

970 2460 1244 2502 Dordalus

717 2533 773 2574 At
805 2546 882 2585 ego
915 2533 1102 2585 patriam
1134 2537 1176 2574 te
1208 2545 1312 2585 rogo
1345 2544 1456 2584 quae
1490 2531 1546 2570 sit
1577 2533 1665 2571 tua.

472 2697 539 2729 622
563 2695 632 2729 iam
663 2704 728 2728 om.
756 2693 824 2728 BG
914 2695 980 2727 625
1005 2694 1155 2728 hercule
1181 2694 1216 2727 B
1310 2694 1375 2727 626
1399 2692 1549 2726 hercule
1575 2690 1609 2724 B
1700 2694 1787 2733 opta
1813 2694 1852 2723 ut

361 2752 582 2786 conueniant
663 2751 730 2784 629
757 2750 824 2783 tibi
852 2750 923 2782 erit
938 2749 972 2783 B
1043 2750 1176 2783 callido
1192 2750 1219 2784 (J
1287 2750 1355 2783 630
1379 2749 1529 2792 copiosa
1544 2748 1572 2782 G
1646 2747 1787 2791 sevisse
1802 2745 1851 2787 B,

362 2808 548 2852 snpissime
577 2807 605 2842 C
694 2809 755 2840 631
785 2812 935 2849 rogaret
1030 2808 1096 2840 1332
1124 2807 1226 2840 iussit
1255 2807 1288 2840 B
1405 2810 1482 2839 tuet
1508 2803 1543 2838 B
