2009 3218
760 218 800 251 V.
827 219 991 252 98—154.
1543 221 1622 258 569

141 345 350 383 demonstr.
385 346 517 383 formis
550 345 747 382 Plautinis
779 350 813 382 el
848 345 1101 384 Studemund.
1133 346 1268 384 Jahrb.
1304 347 1327 383 f.
1362 345 1462 383 Phil.
1496 345 1624 383 CXIII

138 428 175 465 p.
206 415 255 452 66
282 427 337 463 sq.
386 434 438 439 —
484 414 744 460 Quaestionem
785 415 821 450 in
855 427 937 451 voc.
970 412 1084 452 aedis
1118 415 1370 452 absoluturus
1402 418 1506 459 erat,
1554 413 1621 450 sed

137 485 288 519 tacente
334 481 458 519 altero
504 482 633 519 addit:
689 477 760 519 ubi
798 492 908 519 nunc
953 482 1036 519 {ute
1080 477 1260 527 habitas,
1309 483 1354 519 cf.
1400 483 1470 520 151
1515 495 1621 532 sqq.:

141 549 429 596 ,„Thensaurum
450 578 456 585 .
478 581 484 588 .
506 581 513 587 .
534 579 541 587 .
575 547 861 587 nummorum“.
895 564 980 587 nnn.
1017 550 1062 587 ad
1096 551 1203 587 Asin.
1240 551 1331 588 781.
1393 549 1498 587 Pers.
1526 551 1618 588 491.

137 617 256 656 Stich.
292 619 382 656 368.

251 687 340 723 127.
384 686 428 724 R.
462 688 617 724 seclusit
649 687 760 736 quasi
793 699 876 723 cum
911 687 990 724 404
1023 690 1281 735 pugnantem,
1323 688 1486 734 iniuria;
1533 700 1619 724 nam

134 755 206 804 ipsi
238 755 354 791 datur
387 759 603 804 argentum,
645 757 760 792 etiam
801 755 833 791 si
874 755 956 791 heri
995 754 1135 791 levitas
1174 758 1299 791 totum
1332 768 1443 792 servo
1474 756 1616 793 tradat.

133 841 187 848 —
222 823 311 860 128.
345 818 548 862 Dedistin
580 823 691 860 codd.
726 827 768 860 ut
803 823 900 868 1303
933 821 1021 860 edd.
1054 822 1144 858 inde
1177 836 1197 858 a
1229 822 1332 859 Cam.
1399 821 1617 870 „Dedisti“,

134 890 235 940 quod
262 890 323 928 Br.
349 890 531 928 subtilius
563 905 676 941 quam
712 892 840 928 verius
872 890 1080 927 defendere
1112 894 1287 927 conatur.
1349 890 1407 927 De
1438 896 1620 940 correpta

132 958 359 1008 paenultima
391 974 426 996 v.
459 959 564 997 Prol.
597 973 634 1010 p.
671 960 764 997 201.
810 980 855 984 -«
901 954 1093 1004 Factum,
1137 972 1170 996 v.
1205 959 1253 996 ad
1284 959 1425 1008 Amph.
1461 961 1539 997 590
1579 973 1616 1010 p.

135 1027 225 1064 291.
259 1047 312 1052 —
355 1029 444 1066 131.
477 1038 594 1066 secus
626 1028 686 1066 ed.
718 1041 776 1078 pr.
848 1027 1051 1065 Ritschelii
1084 1040 1236 1064 errores
1268 1030 1364 1065 satis
1396 1029 1620 1065 refutarunt

131 1094 194 1132 Br.
228 1099 266 1132 et
296 1095 478 1145 WVagner.
511 1116 564 1121 —
609 1097 699 1134 132.
738 1084 874 1144 impoti
911 1096 970 1134 ed.
1004 1109 1063 1146 pr.
1104 1116 1157 1121 --
1200 1097 1290 1134 133.
1337 1091 1418 1144 Qui
1456 1093 1618 1133 exaedi-

129 1159 281 1212 ficaret,
331 1177 407 1214 quo
438 1164 675 1213 absolveret,
708 1164 754 1201 cf.
788 1164 864 1202 Cic.
898 1164 1005 1202 Orat.
1038 1164 1066 1212 I,
1103 1166 1165 1211 35,
1203 1165 1300 1202 164:
1346 1178 1416 1212 „ne
1443 1166 1617 1213 graveris

130 1231 370 1269 exaedificare
407 1233 447 1270 id
486 1246 584 1283 opus
623 1232 726 1282 quod
758 1230 1006 1271 instituisti“.
1052 1253 1098 1257 —
1145 1234 1235 1270 134.
1274 1229 1487 1278 redderes,
1528 1245 1617 1269 con-

129 1301 323 1338 iunctivus
355 1302 534 1348 iussivus,
568 1315 603 1338 v.
637 1301 684 1338 ad
718 1301 819 1339 Men.
856 1302 947 1340 598.
1010 1301 1073 1338 Br.
1107 1300 1217 1338 addit
1246 1300 1387 1339 Pseud.
1423 1301 1502 1338 287
1530 1314 1614 1350 sqq.

128 1366 222 1406 437.
269 1369 369 1406 Rud.
391 1371 484 1407 832.
529 1379 612 1407 ‘non
638 1366 728 1419 (pro
757 1368 873 1418 „ne“)
899 1370 945 1407 ad
971 1370 1245 1407 antecedentia
1270 1369 1613 1415 accommodatum,

129 1436 175 1474 cf.
193 1436 326 1475 Madv.
346 1437 423 1475 Cic.
444 1438 528 1476 Fin.
548 1438 595 1485 ΙΙ,
619 1439 678 1485 12,
701 1439 764 1476 35.
788 1457 841 1463 —
871 1439 961 1475 137.
994 1433 1327 1484 Inconcz‘lz‘astin,
1352 1440 1392 1476 in
1418 1438 1615 1487 angustias

129 1506 360 1556 compulisti,
392 1520 427 1544 v.
460 1507 509 1544 ad
534 1506 671 1544 Bacch.
707 1507 800 1545 549.
834 1525 887 1531 —-
922 1507 1011 1544 138.
1045 1503 1125 1544 Ille
1155 1502 1240 1556 qui,
1275 1507 1470 1552 attractio,
1502 1519 1537 1543 v.
1567 1506 1615 1543 ad

125 1573 264 1624 Amph.
297 1576 415 1622 1002,
447 1575 536 1613 add.
556 1575 642 1612 Aul.
672 1576 763 1612 591.
812 1574 922 1624 Capt.
944 1576 1037 1612 807.
1085 1575 1204 1612 Most.
1225 1575 1317 1612 244.
1374 1574 1472 1611 Rud.
1496 1575 1614 1611 1278.

127 1661 174 1667 —
196 1652 286 1680 eum
303 1656 387 1680 cum
404 1644 583 1692 proximo
601 1644 795 1690 coalescit,
816 1643 863 1680 cf.
879 1644 980 1681 852:
1004 1656 1074 1690 „eo
1100 1641 1286 1681 ornatu“.
1321 1642 1369 1679 ad
1388 1642 1504 1680 Poen.
1521 1643 1614 1680 859.

124 1708 171 1747 R.
208 1723 422 1761 pronomen
462 1711 618 1748 delevit.
665 1731 712 1736 —
765 1712 855 1749 140.
903 1707 1070 1749 tutelam
1110 1711 1294 1761 Scaliger.
1365 1711 1462 1748 Tum
1507 1724 1613 1757 „rem

124 1776 286 1816 melius“
329 1779 461 1817 Herm.
504 1780 548 1818 R.
590 1784 680 1817 cett.
758 1780 818 1817 Ad
857 1781 1090 1817 sententiam
1132 1780 1230 1818 conf.
1273 1779 1359 1816 Ter.
1404 1779 1476 1817 Ad.
1512 1780 1612 1817 372:

126 1846 251 1894 „Huic
281 1848 451 1894 mandes,
485 1849 515 1885 si
547 1849 642 1898 quid
673 1852 778 1885 recte
811 1852 988 1886 curatum
1022 1847 1156 1885 velis“.
1218 1858 1336 1886 suam
1365 1857 1462 1894 rem,
1495 1860 1611 1897 quum

123 1915 287 1966 pupillo,
318 1930 397 1954 non
429 1917 516 1963 sibi,
550 1917 752 1954 consulere
785 1917 957 1954 deberet.
989 1937 1044 1942 —
1087 1917 1178 1954 142.
1217 1915 1329 1964 αᾶθο,
1363 1917 1531 1966 quidem,
1565 1916 1612 1954 cf.

124 1982 172 2020 ad
188 1983 328 2034 Amph.
349 1986 441 2023 975.
504 1984 598 2022 Cum
630 1987 809 2034 proximo
846 1982 938 2031 ,‚ut“
973 1999 1110 2035 parum
1142 1989 1247 2022 recte
1280 1987 1407 2022 iunxit
1438 1985 1611 2033 Langen.

123 2051 241 2090 Beitr.
283 2067 321 2103 p.
359 2054 458 2101 147,
506 2067 593 2090 nam
627 2054 766 2091 Latine
806 2053 949 2091 dicitur
995 2053 1157 2103 „subigo
1195 2051 1278 2099 ut“,
1327 2067 1405 2091 non
1448 2053 1611 2103 „subigo

123 2119 219 2157 adeo
249 2118 333 2158 ut“.
371 2140 418 2146 —
456 2123 546 2159 145.
589 2118 643 2161 Ut
671 2123 896 2171 repetitum,
929 2136 962 2158 v.
997 2122 1046 2159 ad
1077 2122 1165 2159 Aul.
1202 2123 1294 2160 786.
1327 2142 1380 2147 —
1424 2123 1513 2160 146.
1555 2122 1610 2159 Cf.

121 2187 204 2225 Mil.
247 2189 344 2227 236:
406 2189 545 2236 „salua
591 2203 718 2227 sumes
765 2189 978 2228 indidem&
1045 2186 1261 2239 posiueris
1307 2190 1389 2227 sola
1429 2191 1613 2228 Plautina

121 2255 245 2294 forma
275 2257 369 2303 fuit,
410 2271 445 2295 v.
478 2257 586 2296 Neue
619 2258 813 2296 Formenl.
847 2259 884 2296 II
914 2273 951 2309 p.
986 2260 1065 2296 490
1098 2273 1155 2308 Sq.
1188 2278 1242 2284 -—
1277 2259 1367 2296 147.
1401 2258 1457 2297 Cf.
1490 2259 1610 2296 Most.

123 2325 202 2362 462
234 2338 289 2375 sq.
324 2326 406 2363 Mil.
440 2327 533 2364 951.
595 2326 632 2364 te
663 2327 842 2373 additur,
885 2331 929 2364 ut
962 2328 1054 2365 863.
1122 2326 1224 2364 Rud.
1262 2329 1379 2366 1155.
1423 2347 1474 2352 —
1519 2329 1608 2366 150.

121 2393 183 2431 est
211 2388 483 2442 profecturus
522 2395 714 2443 Scaliger,
757 2396 802 2432 cf.
840 2397 929 2433 113.
971 2415 1025 2420 —
1074 2396 1164 2433 153.
1210 2383 1502 2434 Nummorum.
1564 2396 1609 2433 R.

124 2460 386 2508 ‚,nummum“‚
428 2467 470 2500 ut
508 2464 606 2501 solet
645 2464 806 2501 Plautus
845 2466 884 2500 et
921 2467 965 2500 ut
1003 2464 1274 2511 corrigendum
1314 2464 1470 2515 videtur
1509 2465 1610 2501 infra

122 2530 200 2567 848
226 2536 264 2567 et
288 2530 404 2568 Most.
425 2531 503 2568 349
537 2527 596 2580 (in
628 2531 796 2581 discrep.
822 2545 893 2569 scr.
920 2533 1072 2569 incuria
1104 2532 1248 2570 excidit
1276 2529 1608 2581 „nummorum“).

120 2596 195 2635 Sed
228 2599 314 2648 quis
347 2611 490 2647 negare
522 2600 666 2637 audeat
696 2599 911 2648 pleniorem
938 2613 1092 2650 quoque
1116 2601 1278 2639 formam
1303 2601 1446 2638 Plauto
1475 2605 1607 2638 notam

119 2665 266 2704 fuisse?
326 2666 410 2705 Hoc
441 2669 595 2717 quidem
635 2669 718 2705 loco
752 2681 834 2705 eam
873 2673 1041 2706 metrum
1079 2673 1232 2716 tuetur3
1273 2683 1359 2707 nam
1400 2671 1432 2706 si
1473 2682 1607 2716 „num-

119 2731 249 2771 mum“
284 2734 490 2781 scribitur,
537 2749 693 2774 necesse
734 2742 793 2774 est
832 2736 1000 2774 addatur
1035 2735 1144 2784 „hic“
1187 2741 1279 2787 post
1311 2734 1487 2785 „nemo“,
1530 2751 1607 2787 quo

119 2815 250 2839 carere
288 2815 509 2852 possumne.
555 2823 603 2829 -
657 2806 747 2841 154.
794 2800 848 2842 Id
962 2814 1013 2842 ne
1051 2802 1259 2858 crederem·
1298 2806 1506 2856 iungenda.
1554 2826 1607 2830 -—
