2009 3218
813 217 853 252 V.
878 219 1069 253 611—654.
1606 225 1685 263 (347

310 345 403 382 636.
451 344 620 382 Strabax
658 358 748 383 rure
786 346 948 384 advenit
986 347 1098 385 laetus
1129 348 1233 398 quod
1264 353 1414 399 patrem
1446 361 1585 398 magna
1616 363 1684 399 pe-

192 413 309 449 cunia
353 412 616 458 fraudaverit,
665 417 705 450 et
751 427 839 451 mox
884 415 1101 453 meretricis
1147 416 1303 454 domum
1351 418 1485 455 intrat.
1563 417 1682 456 Codd.

195 482 324 519 omnia
354 493 478 530 usque
509 481 557 517 ad
591 481 670 518 658
702 494 778 518 una
809 494 923 519 scena
955 484 1312 533 comprehendunt,
1352 485 1400 521 ad
1432 498 1594 536 eamque
1627 499 1685 523 ra-

194 550 339 587 tionem
371 552 480 585 recte
511 548 738 586 rubricator
769 549 913 587 codicis
946 549 994 587 B:
1032 551 1249 593 „Rusticus
1283 550 1486 600 Ancilla“;
1520 553 1586 590 sed
1619 555 1686 603 qui

193 616 353 654 solitum
391 617 498 654 tituli
536 616 721 654 indicium
761 617 1007 655 antecedenti
1047 631 1162 656 versu
1202 619 1427 667 addiderat,
1475 634 1546 670 pro
1579 621 1685 659 Stra-

193 684 287 722 bace
330 682 561 732 „Stratilix“
603 687 837 736 scripserat,
885 686 990 736 quod
1036 687 1200 724 retinuit
1239 687 1279 725 C.
1355 688 1526 726 Senariis
1572 703 1687 728 scena

178 755 342 803 scripta
374 757 444 790 est.

310 822 402 859 636.
434 830 554 859 mane
586 818 754 869 dudum,
787 822 857 859 hoc
890 835 1018 868 mane3
1067 820 1223 861 cludam
1255 825 1355 861 enim
1388 829 1446 861 est
1478 838 1615 875 nuper.
1649 839 1684 863 v.

193 889 244 927 ad
274 889 414 939 Amph.
450 890 541 927 654.
592 909 645 914 —
696 890 788 927 637.
840 885 990 937 „bubus
1025 886 1240 940 ylandem,
1281 892 1327 928 cf.
1362 892 1443 930 Cat.
1478 892 1521 930 R.
1554 892 1598 930 R.
1636 895 1685 930 54

193 960 233 995 et
265 958 330 994 60.
385 956 534 995 Colum.
571 957 633 1003 VI,
668 959 704 995 3.
751 957 825 1005 XI,
861 955 909 995 2“
944 957 1009 1008 Sp.
1049 979 1104 984 —
1147 959 1239 997 638.
1289 955 1516 1010 Postquam
1555 973 1686 998 neces-

190 1026 297 1062 sario
342 1025 613 1072 scribendum,
659 1038 736 1063 non
782 1029 825 1063 ut
864 1026 1000 1064 Muell.
1034 1026 1198 1064 Prosod.
1237 1040 1276 1077 p.
1312 1029 1388 1065 511
1431 1041 1518 1065 ann.
1562 1029 1688 1066 voluit

197 1093 320 1141 „Post
356 1093 447 1131 illoc
488 1090 646 1142 quam“,
691 1107 781 1132 nam
821 1094 952 1132 hiatus
991 1095 1031 1132 in
1073 1107 1220 1132 caesura
1258 1096 1455 1145 legitimus
1495 1100 1573 1143 est,
1621 1096 1686 1133 ille

191 1161 401 1200 verborum
434 1162 531 1199 ordo
562 1162 652 1212 plus
683 1175 801 1212 quam
833 1162 988 1201 dubius.
1023 1183 1075 1188 —
1114 1159 1283 1201 aduenit
1319 1164 1379 1202 ed.
1412 1177 1473 1214 pr.
1505 1184 1559 1189 —
1593 1165 1686 1202 639.

192 1226 341 1268 uillam
371 1230 424 1268 id.
463 1249 518 1254 —
557 1230 650 1268 640.
699 1227 952 1269 Tarentinas
984 1231 1072 1270 erat
1102 1231 1161 1270 ed.
1193 1245 1273 1282 pr.,
1321 1232 1366 1269 cf.
1403 1232 1497 1270 Hor.
1531 1232 1603 1270 Od.
1638 1232 1685 1279 ΙΙ,

194 1300 231 1345 6,
262 1300 322 1336 10.
371 1297 521 1336 colum.
555 1297 638 1345 vn,
673 1299 708 1336 2.
756 1298 857 1337 Plin.
891 1298 1000 1346 v111,
1043 1283 1132 1337 19‘0.
1195 1299 1309 1346 Quod
1340 1304 1470 1338 autem
1502 1302 1542 1338 in
1574 1301 1685 1338 codd.

196 1365 450 1413 „Taretinas“
471 1366 671 1414 scribitur,
705 1367 758 1404 sic
790 1381 881 1405 sane
912 1368 1247 1418 pronuntiandum
1274 1368 1453 1416 neglecta
1476 1370 1684 1418 positione,

190 1448 227 1473 v.
257 1435 409 1482 Proleg.
435 1448 474 1484 p.
500 1435 593 1473 203.
620 1455 675 1460 —
708 1436 800 1482 642,
834 1449 968 1474 versus
999 1436 1264 1485 imperfectus,
1297 1441 1341 1473 ut
1373 1436 1522 1485 aliquid
1555 1436 1686 1474 deesse

192 1503 388 1550 videatur,
421 1503 549 1540 velut:
594 1517 679 1550 „me
710 1502 832 1541 filium
866 1517 968 1552 esse3
1002 1504 1095 1542 mihi
1128 1501 1274 1542 dicat“.
1306 1524 1362 1529 —
1400 1505 1493 1543 643.
1537 1501 1685 1542 Crumi-

191 1581 287 1610 wam
406 1567 586 1610 detrahit
622 1571 748 1619 Cam,
795 1573 842 1610 cf.
877 1572 926 1609 ad
957 1573 1065 1610 Asin.
1101 1574 1194 1611 650.
1234 1592 1287 1597 —
1336 1573 1429 1611 644.
1475 1569 1580 1611 mila·
1617 1570 1689 1611 dat

192 1638 299 1677 Cam.
338 1658 394 1664 —-
435 1641 526 1678 645.
569 1639 756 1677 Extrema
785 1653 878 1691 pars
910 1654 1045 1678 versus
1078 1645 1265 1690 corrupta
1296 1645 1366 1678 est.
1428 1640 1688 1679 Vehementer

192 1711 327 1745 errant
357 1709 425 1757 qui
459 1709 609 1755 „minas
640 1706 754 1746 oves“
800 1722 847 1745 ex
878 1709 991 1746 Varr.
1025 1708 1069 1746 R.
1104 1708 1149 1746 R.
1181 1708 1229 1756 II,
1266 1710 1301 1754 2,
1334 1706 1356 1746 '6
1390 1709 1465 1746 huc
1496 1709 1684 1748 referunt.

194 1775 255 1813 Ad
285 1789 440 1813 sensum
472 1777 591 1814 scribi
621 1770 766 1826 potuit*
796 1789 941 1826 „opera
980 1775 1087 1813 mea“
1124 1781 1192 1813 aut
1216 1763 1355 1826 ⁶„patri
1386 1774 1518 1814 suas“.
1594 1777 1688 1815 Pro.

194 1846 284 1894 pius
315 1857 338 1881 a
369 1844 452 1882 cod.
478 1844 582 1882 foret
617 1857 710 1894 „per
742 1842 953 1891 carmina“,
985 1846 1097 1893 quasi
1127 1857 1198 1894 per
1230 1848 1335 1881 artes
1369 1845 1551 1892 magicas,
1583 1845 1688 1895 quod

194 1926 271 1951 non
302 1913 489 1951 abhorret
519 1911 567 1949 ab
599 1925 655 1957 eo,
690 1914 757 1962 qui
790 1914 868 1950 638
905 1913 962 1960 „si
988 1911 1052 1966 *dis
1084 1909 1238 1961 placet“
1273 1912 1384 1949 dixit.
1418 1933 1472 1938 —
1512 1914 1603 1959 646,
1639 1914 1684 1951 cf.

193 1981 290 2018 946.
351 1980 446 2019 Post
485 1977 676 2019 crumina
717 1981 849 2018 hiatur
879 1982 919 2017 in
952 1993 1118 2026 caesui-33
1164 1979 1310 2030 Gepp.:
1362 1980 1457 2026 „hac
1487 1980 1601 2019 huc“.
1637 2001 1685 2007 —

195 2049 289 2086 647.
320 2046 540 2097 periratus
570 2048 673 2086 Cam.
742 2049 864 2086 Marti
895 2049 1011 2098 lupus
1042 2061 1170 2095 sacer,
1216 2048 1385 2085 Martem
1417 2048 1585 2087 adorant
1616 2062 1686 2099 pa-

195 2120 320 2154 stores
350 2121 396 2154 ut
428 2117 542 2167 lupos
575 2131 595 2154 a
626 2130 766 2166 pecore
798 2121 940 2154 arceat.
974 2136 1028 2141 —
1061 2117 1154 2154 649.
1185 2113 1255 2165 pol
1286 2116 1374 2154 add.
1408 2116 1564 2154 Iordan.
1600 2118 1685 2155 Sch.

195 2184 341 2222 Locum
374 2181 489 2222 affert
520 2185 729 2222 Diomedes
760 2185 790 2232 Ι,
829 2186 861 2230 1,
897 2185 996 2223 334;
1043 2181 1253 2231 „amasios
1284 2189 1478 2223 amatores
1509 2182 1689 2224 dicebant

194 2258 238 2290 ut
269 2253 433 2291 Plautus
464 2253 721 2291 Truculento:
769 2254 864 2290 istos
906 2252 1113 2290 mundulos
1145 2250 1350 2290 amasios“.
1393 2253 1440 2290 cf.
1474 2254 1559 2291 Cas.
1595 2255 1686 2292 566.

200 2319 419 2367 „urbanos“
461 2334 534 2370 pro
572 2323 928 2372 interpretamento
965 2320 1040 2358 del.
1073 2319 1185 2357 Both.
1232 2340 1287 2345 —
1334 2321 1426 2358 650.
1474 2317 1566 2360 Hoc
1605 2320 1688 2361 ictu

195 2389 256 2426 ed.
288 2402 347 2439 pr.
413 2391 580 2439 „uiginti
610 2391 737 2436 minis,
770 2403 868 2439 quas
900 2389 1060 2426 donabit
1091 2382 1312 2425 meretrici“
1349 2388 1414 2438 Sp.
1475 2399 1687 2438 exponam,

195 2457 243 2494 cf.
275 2456 360 2494 Cas.
396 2459 494 2495 795:
534 2471 680 2507 „paene
712 2458 910 2506 exposiuit
942 2455 1118 2495 cubit0“.
1155 2475 1202 2482 —-
1237 2457 1330 2494 651.
1362 2452 1596 2496 Eradicare
1628 2458 1691 2496 est

197 2525 257 2562 ed.
283 2537 357 2574 pr.,
390 2525 438 2563 cf.
455 2526 544 2562 Aul.
564 2526 658 2563 292.
689 2545 743 2550 —
780 2534 893 2572 „cum
921 2522 1086 2574 primis,
1117 2522 1326 2575 inprimis⁶⁴⁴
1357 2524 1540 2563 Placidus
1564 2539 1601 2575 p.
1623 2526 1687 2573 27,

196 2605 311 2643 quem
344 2593 481 2630 attulit.
511 2592 598 2630 Sch.
631 2613 686 2618 —
719 2594 811 2630 652.
848 2589 950 2631 Post
979 2589 1026 2631 id
1057 2589 1250 2640 locorum,
1283 2606 1320 2631 v.
1339 2594 1388 2630 ad
1404 2593 1492 2630 Aul.
1514 2594 1605 2631 742.
1637 2611 1685 2618 -·

197 2654 382 2706 deferam
413 2660 479 2710 Sp.
512 2680 567 2685 —
600 2662 692 2699 653.
725 2658 958 2709 Aryentum
989 2657 1046 2699 ad
1073 2656 1177 2699 hanc
1205 2664 1354 2711 transp.
1381 2660 1495 2697 Both.
1515 2680 1568 2685 —
1594 2662 1687 2698 654.

198 2723 287 2776 Tat,
320 2728 543 2766 interiectio
578 2731 726 2766 rustica
758 2729 900 2766 ostium
929 2729 1137 2778 pulsantis.
1199 2728 1284 2767 Sch.
1308 2725 1481 2776 „Tatae“
1509 2733 1552 2765 ut
1568 2727 1689 2766 Stich.
