2009 3218
124 167 166 209 V.
191 170 223 206 2,
247 166 381 202 55—63
741 164 986 200 Trinummus.
1526 166 1606 205 3233

731 290 993 332 Callicles

464 347 564 401 Ego.

690 417 1024 459 Lesbonicus

598 490 690 532 Tun
724 489 906 531 uidisti?

733 568 988 611 Callicles

961 641 1015 683 Et
1045 646 1138 684 tute
1171 642 1273 684 item
1308 642 1457 685 uideas
1489 643 1603 685 licet.

694 721 1027 763 Lesbonicus

123 798 156 839 Ο
190 801 322 851 pater,
354 799 479 850 pater
511 795 580 845 mi,
614 794 746 836 salue.

704 884 770 926 Ch
785 885 953 927 armid
969 900 989 926 c
1003 900 1021 926 s

798 957 925 999 Salue
957 957 1150 1007 multum,
1183 962 1312 1010 gnate
1345 958 1413 998 mi.
1520 970 1607 1003 1150

691 1052 1026 1094 Lesbonicus

120 1123 162 1167 Si
194 1123 299 1178 quid
329 1123 422 1173 tibi,
455 1128 591 1177 pater,
624 1124 786 1166 laboris
817 1146 872 1152 —
1172 1133 1187 1153 ⁰

701 1217 1018 1260 Charmides

894 1290 1012 1333 Nihil
1044 1291 1201 1339 euenit,
1234 1304 1286 1332 ne
1317 1291 1442 1342 time;

121 1363 233 1405 Bene
264 1377 308 1404 re
341 1367 463 1413 gesta
495 1362 639 1404 saluos
671 1363 812 1414 redeo,
844 1364 877 1404 si
910 1368 956 1405 tu
991 1363 1115 1405 modo
1147 1363 1259 1416 frugi
1292 1377 1384 1405 esse
1416 1365 1496 1406 uis,

120 1433 234 1476 Haec
265 1434 343 1476 tibi
376 1439 546 1488 pactast
577 1434 742 1476 Callicli
774 1435 900 1477 huius
931 1435 1032 1476 filia.

689 1530 1023 1572 Lesbonicus

1097 1602 1187 1656 Ego
1219 1602 1386 1655 ducam,
1417 1609 1555 1658 pater,

121 1657 177 1698 Et
206 1671 297 1699 eam
331 1664 374 1699 et
405 1659 440 1700 si
472 1672 597 1712 quam
632 1659 760 1701 aliam
795 1659 973 1701 iubebis.

729 1754 991 1796 Callicles

950 1827 1221 1881 Quamquam
1253 1826 1333 1868 tibi
1364 1828 1603 1880 suscensui,

120 1894 289 1938 Miseria
318 1910 401 1938 una
434 1898 506 1938 uni
541 1898 712 1952 quidem
746 1897 952 1940 hominist
983 1898 1176 1940 adfatim.

707 1991 1019 2035 Charmides

928 2065 1063 2107 Immo
1096 2065 1196 2108 huic
1227 2070 1447 2120 parumst3
1518 2078 1605 2112 1185

119 2132 223 2175 Nam
256 2135 289 2176 si
322 2149 398 2189 pro
433 2137 624 2190 peccatis
657 2142 827 2179 centum
861 2137 993 2179 ducat
1024 2151 1191 2188 uxores,
1225 2143 1434 2192 parumst.

690 2217 722 2258 L
735 2231 755 2259 e
770 2232 787 2258 s
799 2216 824 2258 b
841 2232 863 2258 ο
875 2217 956 2258 nic
969 2232 992 2259 u
1008 2231 1026 2259 s

121 2283 175 2326 At
203 2286 286 2327 iam
319 2286 500 2341 posthac
533 2288 798 2342 temperabo.

703 2367 1020 2412 Charmides

851 2441 981 2492 Dicis,
1015 2442 1051 2483 si
1083 2440 1215 2484 facies
1246 2441 1387 2485 modo.

232 2577 317 2611 1179
342 2577 367 2611 G
392 2586 460 2620 ego
486 2575 520 2609 B
619 2575 714 2610 idem
825 2577 910 2611 1182
937 2577 1040 2611 redio
1065 2575 1101 2611 B
1205 2589 1242 2612 es
1267 2589 1350 2613 seue
1374 2577 1410 2612 B
1518 2581 1603 2614 1183

121 2630 249 2666 callicli
273 2631 348 2667 filia
455 2634 537 2667 1184
564 2634 685 2668 Etiam
782 2635 806 2667 G
833 2640 976 2678 quaque.
1000 2632 1036 2668 B
1140 2635 1224 2668 1185
1250 2633 1276 2668 Β
1302 2635 1452 2669 Miseria
1478 2635 1512 2670 B

122 2697 191 2721 uun
214 2699 279 2723 om.
357 2689 494 2723 homini
522 2693 595 2724 stat
620 2690 683 2724 sati
712 2691 736 2724 G
762 2690 804 2732 Β,
832 2690 1049 2725 hoministat
1072 2689 1175 2725 satim
1203 2690 1231 2725 C
1308 2693 1394 2726 1186
1421 2694 1543 2726 uxoris
1568 2692 1603 2725 B

125 2742 208 2778 118⁷
231 2744 363 2780 saciaco
387 2745 423 2781 B
