2009 3218
164 213 225 259 lv,
253 216 280 256 1.
305 212 438 250 ⁴9-68
826 212 985 247 Stichus.
1567 218 1643 257 231

703 338 1108 391 Pamphilippus

165 410 373 454 Uidelicet
404 423 579 464 parcum
613 408 744 452 fuisse
775 410 894 454 illum
925 423 1084 459 senem,
1117 411 1189 464 qui
1223 411 1269 452 id
1298 411 1468 454 dixerit.

162 483 392 538 [Quoniam
423 482 494 524 ille
526 481 586 524 illi
621 481 861 536 pollicetur,
893 482 966 536 qui
999 496 1095 523 eum
1127 481 1266 524 cibum
1301 484 1578 538 poposcerit]

782 607 1016 659 Antipha

161 679 370 723 Uidelicet
409 693 493 721 non
524 679 658 721 fuisse
689 679 809 721 illum
841 693 1024 734 aequom
1057 678 1392 730 adulescentem,
1432 682 1503 735 qui
1535 681 1647 733 ilico,

162 752 242 795 Ubi
273 752 344 794 ille
377 753 527 806 poscit,
559 751 792 805 denegauit
824 751 926 793 dare
958 765 1004 793 se
1037 764 1218 803 granum
1250 751 1396 793 tritici.
1580 766 1646 799 560

161 823 316 866 Hercle
346 824 418 878 qui
451 838 632 877 aequom
665 823 919 877 postulabat
949 823 1021 865 ille
1054 837 1195 873 senex,
1229 823 1403 877 quando
1436 825 1609 878 quidem

159 896 291 938 Filiae
323 895 394 938 ille
427 895 608 937 dederat
640 895 796 945 dotem,
829 896 1024 950 accipere
1058 910 1134 949 pro
1166 895 1360 937 tibicina.

702 1021 1103 1073 Pamphilippus

159 1093 310 1136 Hercle
341 1093 412 1135 ille
444 1093 619 1146 quidem
651 1099 769 1135 certo
802 1092 1059 1135 adulescens
1092 1093 1218 1135 docte
1250 1097 1452 1135 uorsutus
1484 1094 1580 1145 fuit,

159 1164 240 1216 Qui
270 1166 361 1208 seni
390 1166 454 1207 illi
488 1165 774 1208 concubinam
808 1165 913 1206 dare
945 1165 1142 1208 dotatam
1174 1165 1326 1207 noluit.

782 1291 1017 1343 Antipho

117 1344 122 1353 ¹
157 1363 293 1406 Senex
325 1363 496 1418 quidem
529 1362 679 1414 uoluit,
712 1364 747 1405 si
779 1368 940 1417 posset,
973 1364 1179 1418 indipisci
1211 1363 1264 1405 de
1295 1363 1412 1416 cibo;
1580 1376 1646 1410 565

158 1435 269 1486 Quia
298 1436 461 1490 nequit,
495 1449 583 1489 qua
614 1436 706 1490 lege
740 1436 862 1498 licuit
893 1436 1005 1478 uelle
1038 1436 1147 1477 dixit
1178 1435 1282 1478 fieri.

160 1507 304 1558 „Fiat“
337 1507 409 1549 ille
441 1508 582 1562 inquit
613 1509 882 1550 adulescens.
929 1508 1067 1550 ‘Facis
1100 1508 1295 1561 benigne'
1327 1509 1470 1563 inquit
1501 1523 1642 1551 senex.

157 1579 348 1622 ‘Habeon
372 1594 461 1621 rem
486 1581 699 1632 pactam?
731 1582 883 1634 inquit.
949 1581 1147 1631 „Faciam
1173 1581 1258 1622 ita“
1287 1581 1425 1633 inquit
1454 1585 1527 1632 „ut
1553 1581 1644 1624 fieri

1103 1653 1262 1695 uoles.“

156 1723 237 1767 Sed
269 1737 347 1778 ego
378 1723 448 1766 ibo
481 1725 592 1765 intro
625 1729 668 1766 et
697 1724 954 1778 gratulabor
985 1729 1181 1767 uostrum
1213 1725 1450 1766 aduentum
1481 1724 1595 1766 filiis.

156 1795 284 1838 Poste
315 1796 385 1838 ibo
418 1796 583 1838 lautum
616 1797 657 1837 in
690 1797 881 1851 pyclum;
913 1797 973 1839 ibi
998 1797 1155 1840 fouebo
1183 1801 1450 1838 senectutem
1483 1811 1645 1849 meam;

158 1868 259 1910 Post
290 1868 361 1910 ubi
392 1868 552 1919 laucr0‚
585 1869 748 1910 otiosus
780 1883 857 1911 uos
890 1870 1091 1924 opperiar
1122 1860 1367 1911 adcubans.'
1578 1881 1640 1914 571

700 1995 1101 2048 Pamplzilz'ppus

157 2064 419 2120 Graphicum
452 2066 678 2108 mortalem
711 2066 1014 2121 Antiphonem,
1045 2072 1093 2109 ut
1123 2066 1353 2121 apologum
1378 2066 1481 2108 fecit
1505 2066 1641 2108 fabre.

156 2137 294 2179 Etiam
326 2152 439 2180 nunc
470 2139 680 2181 scelestus
712 2152 754 2180 sc
786 2152 878 2181 esse
911 2139 1030 2181 ducit
1062 2154 1139 2194 pro
1171 2138 1512 2181 adulescentulo.

157 2209 338 2252 Dabitur
367 2210 529 2252 homini
561 2212 710 2259 amica,
745 2215 874 2252 noctu
908 2225 1017 2265 quae
1049 2212 1092 2253 in
1117 2211 1228 2254 lecto
1255 2214 1454 2253 occentet
1478 2225 1644 2263 senem3

115 2319 125 2329 ,
156 2281 348 2336 Namque
376 2282 529 2337 edepol
555 2283 672 2324 ahud
699 2283 873 2338 quidem
897 2283 960 2324 illi
987 2283 1090 2338 quid
1115 2284 1254 2325 amica
1281 2297 1388 2338 opus
1407 2284 1464 2326 sit
1482 2285 1642 2326 nescio.

158 2353 240 2396 Sed
270 2355 374 2409 quid
406 2355 496 2409 agit
521 2356 739 2409 parasitus
766 2360 914 2397 noster
939 2354 1214 2398 Gelasimus?
1245 2357 1378 2403 etiam
1404 2356 1553 2399 ualet?
1577 2368 1645 2402 576

266 2514 331 2547 557
356 2513 457 2548 illum
482 2513 594 2548 fuisse
679 2513 715 2548 id
740 2524 804 2549 om.
899 2515 965 2548 559
990 2525 1148 2558 nequam
1237 2514 1489 2550 adulescentia
1578 2516 1642 2550 561

157 2569 242 2614 quia
264 2581 395 2615 equum
513 2571 579 2604 562
603 2570 676 2604 illae
789 2571 853 2605 563
880 2571 953 2604 suit
979 2570 1009 2606 O
1115 2572 1181 2605 564
1206 2571 1294 2615 Quis
1320 2571 1417 2607 enim
1444 2571 1475 2606 G
1576 2573 1642 2606 566

155 2626 291 2670 nequid
316 2626 345 2661 Ο
443 2628 510 2662 567
536 2627 648 2662 asaeis
675 2627 710 2662 Β
816 2627 944 2671 inquid
969 2627 1004 2661 Β
1114 2628 1181 2663 568
1205 2628 1341 2663 factam
1448 2629 1577 2673 inquid
1603 2633 1644 2663 ut

157 2681 222 2716 mo
245 2681 378 2718 Postea
401 2683 463 2719 ibo
489 2684 649 2719 lanatum
677 2686 713 2718 in
740 2684 853 2727 pilum
990 2686 1054 2718 571
1082 2684 1302 2719 accumbans
1439 2687 1509 2720 572
1533 2697 1643 2730 quam

157 2736 257 2773 fabre
338 2741 403 2774 573
428 2741 465 2775 It
489 2741 559 2775 iam
587 2740 629 2782 Β,
657 2741 697 2774 Id
723 2742 794 2774 iam
823 2740 852 2774 G
929 2742 995 2774 574
1021 2745 1169 2776 acentet
1194 2741 1240 2785 B,
1266 2741 1445 2778 accendet
1470 2742 1498 2777 C
1577 2743 1643 2776 575

159 2805 248 2839 opos
274 2796 321 2831 eit
343 2796 390 2840 B,
416 2798 534 2842 posuit
559 2796 588 2831 C
