2009 3218
333 186 412 226 282
1012 187 1130 223 Plauti
1169 240 1175 244 Ι
1550 187 1595 232 11,
1620 191 1650 231 4,
1676 190 1810 225 63-79

943 312 1205 354 Stasimus

913 384 1069 426 Hercle
1101 385 1173 437 qui
1205 385 1345 426 dicam
1376 389 1537 436 tamem

330 453 440 495 Nam
473 454 506 494 si
539 455 600 495 sic
630 469 713 496 non
745 455 905 506 licebit,
936 456 1080 497 luscus
1113 456 1272 498 dixero.

981 558 1159 599 Philto

331 626 398 667 Ita
428 641 540 668 nunc
570 631 618 669 tu
651 628 768 677 dicis,
801 643 884 671 non
917 643 1010 671 esse
1042 629 1377 683 aequiperabilis

330 697 511 740 Uostras
541 713 635 740 cum
668 701 828 743 nostris
860 700 1070 742 factiones
1102 694 1231 755 atque
1265 702 1399 755 opes?

900 802 1233 843 Lesbonicus

331 856 449 898 Dico

978 947 1008 987 l’
1022 946 1047 987 h
1061 947 1070 987 i
1085 947 1097 987 l
1110 952 1125 987 t
1137 964 1159 987 o

515 1017 656 1068 Quid?
687 1031 800 1059 nunc
831 1003 942 1067 si'in
973 1018 1124 1059 aedem
1156 1018 1210 1060 ad
1243 1032 1391 1060 cenam
1422 1019 1594 1060 ueneris
1744 1029 1811 1062 470

330 1089 470 1144 Atque
500 1089 558 1130 ibi
593 1089 826 1143 opulentus
858 1090 938 1132 tibi
971 1103 1049 1144 par
1080 1090 1190 1131 forte
1223 1089 1462 1140 obuenerit,

330 1160 538 1214 Adposi‘ca
569 1174 675 1203 cena
706 1163 772 1212 sit,
807 1162 1059 1216 popularem
1091 1175 1221 1216 quam
1253 1167 1425 1213 uocant,

330 1233 373 1275 Si
404 1232 467 1274 illi
499 1238 728 1285 congestae
761 1234 848 1275 sinss
879 1233 1032 1288 epulae
1065 1247 1089 1275 a
1120 1233 1376 1284 (fluentibus,

332 1303 375 1346 Si
407 1305 510 1358 quid
543 1304 623 1346 tibi
654 1304 838 1359 placeat,
871 1305 985 1360 quod
1017 1305 1079 1347 illi
1111 1310 1358 1359 congestum
1391 1307 1482 1357 siet,

330 1376 489 1418 Edisne
520 1390 575 1418 an
607 1377 833 1419 incenatus
867 1391 964 1419 cum
997 1378 1200 1431 opulento
1233 1376 1446 1419 accubes‘?
1744 1387 1810 1421 475

909 1480 1236 1523 Lesbonicus

326 1550 465 1602 Edim,
495 1550 580 1592 nisi
611 1551 648 1592 si
677 1550 751 1592 ille
782 1555 914 1594 uotet.

938 1632 1197 1673 Stasimus

939 1747 944 1752 ,
980 1705 1037 1745 At
1066 1704 1138 1758 pol
1170 1716 1260 1756 ego,
1292 1703 1374 1744 etsi
1405 1706 1540 1753 uotet,

330 1775 455 1817 Edim
488 1781 618 1829 atque
651 1775 862 1817 ambabus
893 1775 1016 1817 malis
1049 1775 1232 1828 expletis
1262 1788 1424 1823 uorem,

327 1847 382 1889 Et
413 1848 529 1901 quod
560 1847 624 1888 illi
655 1847 841 1901 placeat,
873 1847 1130 1901 praeripiam
1163 1848 1466 1900 potissumum,

325 1918 475 1972 Neque
506 1919 568 1960 illi
600 1919 834 1961 concedam
866 1920 1095 1973 quicquam
1127 1918 1179 1959 de
1211 1920 1304 1960 uita
1335 1931 1442 1960 mea.

326 1990 622 2032 Uerecundari
654 1991 862 2032 neminem
897 1990 1013 2044 apud
1045 2003 1234 2032 mensam
1267 1990 1410 2041 decet3
1742 1999 1810 2032 480

327 2062 434 2104 Nam
465 2062 525 2104 ibi
557 2062 609 2104 de
641 2062 798 2104 diuinis
829 2067 960 2115 atque
991 2061 1188 2103 humanis
1221 2062 1423 2103 cernitur.

895 2164 927 2205 L
941 2178 961 2204 e
974 2178 992 2205 s
1007 2164 1031 2205 b
1045 2178 1068 2205 o
1080 2178 1105 2205 n
1117 2165 1128 2204 i
1142 2177 1198 2205 cu
1213 2178 1231 2204 s

329 2221 434 2263 Rem
464 2219 674 2262 fabulare.

933 2316 1196 2356 Stasimus

732 2386 823 2428 Non
856 2386 934 2428 tibi
967 2387 1107 2428 dicam
1139 2387 1258 2428 dolo:

439 2533 505 2566 466
531 2532 617 2576 quin
644 2532 688 2575 A,
716 2532 802 2575 quid
828 2532 897 2567 BG
971 2536 1091 2567 tamen
1117 2543 1182 2568 om.
1211 2532 1240 2568 G
1317 2533 1382 2566 468
1411 2539 1447 2565 ιιι
1476 2542 1570 2565 nunc
1595 2530 1663 2565 Bc
1741 2530 1806 2564 469

329 2600 420 2632 opus
447 2589 479 2622 A
584 2590 646 2621 471
676 2592 715 2622 ut,
741 2589 882 2622 uenerit
907 2588 975 2624 BG
1073 2591 1141 2624 472
1165 2590 1214 2623 sit,
1238 2595 1328 2623 cena
1352 2587 1397 2631 B,
1424 2588 1472 2621 sit
1496 2598 1598 2622 caena
1624 2587 1652 2621 G
1740 2589 1806 2622 473

329 2644 468 2689 aepulae
483 2643 550 2679 BG
616 2644 682 2678 474
703 2645 789 2688 quid
804 2645 857 2678 illi
873 2645 1018 2688 placeat
1029 2644 1097 2679 BC
1163 2646 1230 2679 475
1249 2644 1410 2679 Aedisne
1424 2643 1492 2679 BG
1556 2646 1622 2679 476
1640 2644 1728 2679 Edit
1739 2643 1810 2680 Bo

444 2702 544 2735 uolet.
567 2701 613 2743 A,
640 2707 742 2735 uetet
766 2700 834 2735 BC
951 2709 979 2736 Δ
1003 2705 1041 2736 at,
1064 2701 1100 2736 B
1228 2706 1328 2735 uetet.
1352 2699 1419 2734 BG
1540 2702 1606 2734 477
1631 2702 1748 2745 magis
1772 2701 1805 2734 A

331 2757 397 2793 478
422 2756 639 2803 preeripiam
666 2755 700 2790 B
792 2759 858 2791 482
882 2757 1057 2792 fabularis
1083 2759 1115 2791 A
1204 2765 1231 2792 A
1256 2769 1328 2792 nou
1353 2755 1389 2791 B
