2009 3218
338 221 417 260 358
1016 215 1134 250 Plauti
1547 214 1598 257 11,
1624 215 1656 256 2,
1680 213 1816 248 31-.42

919 341 954 382 A
964 355 983 382 s
993 344 1012 382 t
1021 354 1047 382 a
1057 355 1082 394 p
1094 340 1144 381 hi
1156 354 1183 381 u
1195 354 1235 381 m

338 413 451 464 Quid
482 413 656 464 clamas,
686 413 836 454 insane
849 412 869 453 Ῥ

920 513 1229 568 Stratyllax

885 585 1013 627 Abire
1044 585 1144 627 hinc
1173 586 1216 626 ni
1248 598 1454 640 properas
1484 584 1637 638 grandi
1667 584 1818 638 gradu,

337 659 428 701 Iam
445 642 590 700 h'ercle
606 671 684 712 ego
701 658 808 700 istos
824 656 960 708 fictos,
985 658 1262 711 compositos,
1291 657 1455 711 crispos
1481 656 1698 698 cincinnos
1720 659 1818 698 tuos

341 729 638 784 Unguentatos
669 743 808 784 usque
840 744 892 771 ex
923 729 1100 771 cerebro
1133 728 1325 771 euellam.

925 831 1237 884 Astaphium

1335 885 1529 936 Quanam
1559 886 1730 941 gratia?
1754 896 1820 931 285

930 978 1231 1033 Stratyllax

342 1052 454 1102 Quia
484 1052 539 1093 ad
569 1051 684 1094 fores
715 1054 890 1094 nostras
921 1052 1154 1105 unguentis
1185 1055 1317 1094 uncta
1348 1065 1393 1093 es
1424 1064 1530 1094 ausa
1553 1047 1776 1102 accedere,

343 1123 538 1178 Quiaque
567 1122 774 1166 bucculas
804 1127 894 1165 tam
924 1123 1034 1165 belle
1067 1124 1387 1177 purpurissatas
1418 1122 1566 1165 habes.

923 1225 1238 1280 Astaphium

343 1298 507 1341 Erubui
538 1301 754 1340 mecastor
784 1298 940 1340 misera
971 1302 1149 1352 propter
1181 1297 1411 1340 clamorem
1442 1301 1577 1339 tuum.

930 1401 1234 1455 Stratyllax

342 1473 492 1515 Itane?
525 1472 766 1515 erubuisti?
828 1471 958 1522 Quasi
989 1486 1092 1515 uero
1124 1473 1295 1527 corpori
1325 1471 1553 1526 reliqueris

342 1545 434 1587 Tuo
465 1548 726 1599 potestatem
758 1545 916 1588 coloris
947 1545 1025 1586 ulli
1056 1545 1268 1599 capiendi,
1299 1544 1423 1586 mala.
1757 1555 1824 1589 290

343 1617 508 1659 Buccas
539 1616 725 1667 rubrica,
759 1621 879 1659 creta
909 1629 1034 1659 omne
1065 1630 1223 1670 corpus
1255 1617 1428 1659 intinxti
1459 1616 1553 1659 tibi.

343 1689 574 1731 Pessumae
605 1689 720 1731 estis,

920 1768 1242 1822 Astaphium

582 1839 695 1890 Quid
726 1844 793 1881 est
823 1839 941 1893 quod
970 1839 1095 1881 uobis
1126 1853 1350 1894 pessumae
1381 1839 1488 1883 haec
1517 1838 1822 1882 malefecerint.

929 1941 1236 1996 Stratyllax

345 2015 440 2057 Scio
472 2029 548 2069 ego
581 2014 676 2069 plus
709 2027 839 2067 quam
869 2017 918 2055 tu
950 2012 1166 2055 arbitrare
1200 2015 1309 2056 scire
1341 2027 1419 2056 me.

926 2115 961 2156 A
973 2129 991 2156 s
1002 2120 1020 2156 t
1029 2129 1054 2157 a
1065 2130 1090 2169 p
1102 2115 1128 2156 h
1139 2116 1152 2157 i
1165 2130 1191 2157 u
1203 2129 1242 2156 m

343 2231 467 2282 Quod
497 2233 605 2274 scias
616 2232 634 2263 ¹>
1378 2171 1490 2222 Quid
1519 2171 1564 2214 id
1595 2171 1825 2223 obsecrost,

454 2390 519 2425 283
544 2391 594 2424 mi
620 2390 649 2425 C
715 2399 872 2433 propera
896 2386 965 2422 BG
1031 2387 1161 2431 grandi
1186 2398 1269 2431 gras
1294 2387 1362 2422 BC
1430 2388 1496 2422 284
1519 2387 1645 2422 hercle
1670 2397 1735 2422 om.
1760 2385 1827 2421 BG

433 2448 526 2481 istoc
540 2447 608 2481 BC
674 2447 804 2480 cinnos
821 2445 851 2479 C
916 2444 981 2478 285
1006 2443 1077 2478 Uni
1103 2447 1274 2478 uentatos
1288 2443 1356 2479 BC
1422 2455 1441 2478 e
1461 2444 1495 2478 A
1566 2443 1745 2488 expellam
1764 2441 1831 2478 ΒΟ

433 2508 516 2549 grat
540 2504 583 2546 R,
611 2502 748 2547 gratias
775 2501 803 2534 G
904 2502 971 2536 286
997 2501 1088 2536 adeo
1115 2501 1212 2536 foras
1238 2500 1306 2536 BG
1406 2504 1573 2544 unguant
1596 2501 1723 2536 iuncta
1747 2509 1825 2535 esse

343 2561 456 2596 audes
482 2560 551 2596 BC
623 2561 688 2595 287
714 2560 803 2593 istas
829 2558 964 2592 buccas
989 2557 1053 2592 BC
1128 2559 1301 2602 purporis
1327 2558 1414 2592 satis
1440 2557 1596 2592 habeost
1620 2556 1688 2592 Bc
1761 2557 1827 2591 288

343 2618 497 2652 Eruibui
523 2617 558 2652 B
648 2617 714 2651 289
740 2614 886 2649 erubuit
912 2613 1008 2648 stiB
1089 2616 1152 2649 291
1180 2614 1323 2649 rubrice
1345 2618 1428 2649 ceta
1441 2613 1486 2658 B,
1511 2612 1742 2649 rubricetao

342 2674 494 2708 intinxit
518 2673 593 2715 BC,
618 2673 730 2706 inteai
756 2673 789 2705 A
896 2671 962 2705 292
985 2669 1160 2706 Pessume
1186 2670 1221 2706 Β
1345 2681 1515 2715 pessume
1539 2670 1574 2704 B
1690 2669 1758 2704 hae
1781 2667 1825 2711 A,

344 2731 411 2766 hec
439 2729 474 2765 Β
580 2728 834 2764 malefecerint
858 2729 901 2770 A,
928 2739 986 2761 ma
1010 2725 1057 2770 B,
1087 2729 1116 2762 (J
1137 2738 1200 2762 om.
1306 2728 1370 2761 293
1397 2737 1505 2771 quam
1529 2738 1587 2761 me
1613 2725 1827 2761 arbitrarier

347 2787 439 2823 scire
463 2786 530 2821 Bc·
563 2784 568 2790 '
621 2789 677 2820 est
699 2776 854 2819 ‘obsecro
881 2783 949 2820 BG
