2009 3218
315 208 397 247 202
482 255 484 258 y
1002 203 1125 238 Plauti
1562 205 1588 249 1,
1613 207 1644 250 2,
1670 208 1803 247 82-97

924 328 1199 381 Pamphila

315 400 511 442 Stultitia
542 403 617 450 est,
649 403 788 453 pater,
820 404 1026 442 uenatum
1059 400 1216 442 ducere
1245 401 1409 443 inuitas
1441 415 1584 444 canes.

316 472 464 514 Hostis
497 475 565 514 est
595 484 716 522 uxor,
747 471 889 513 inuita
920 486 1032 525 quae
1063 472 1157 513 uiro
1189 476 1371 526 nuptum
1402 472 1542 514 datur.

940 561 1174 614 Antipho

307 631 544 675 ‘Certumne
577 637 644 675 est
673 637 871 675 neutram
897 637 1142 675 uostrarum
1168 635 1371 688 persequi
1395 635 1607 688 inperium
1633 635 1801 689 patris?

914 723 1210 777 Paneyyrz's

311 795 637 848 Persequimur3
670 809 769 837 nam
801 809 885 849 quo
919 795 1076 837 dedisti
1109 801 1305 850 nuptum,
1337 797 1457 839 abire
1487 797 1698 840 nolumus.
1741 809 1804 843 145

940 887 1071 928 Ama·
1114 887 1172 928 ho

313 957 429 999 Bene
460 957 616 999 ualete.
676 957 753 1000 Ibo
785 962 916 1012 atque
949 900 1105 1000 amicilso
1130 963 1279 1000 uostra
1311 959 1494 1002 consilia
1526 959 1716 1013 eloquar.

921 1048 1200 1102 Pamphila

313 1119 554 1171 Probiores,
588 1120 730 1171 credo,
762 1120 1056 1170 arbitrabunt,
1089 1122 1124 1162 si
1157 1121 1303 1175 probis
1334 1122 1592 1163 narraueris.

942 1212 1180 1264 Antipho

315 1289 476 1332 Curate
507 1291 640 1343 igitur
671 1290 928 1333 familiarem
959 1305 1050 1332 rem
1082 1295 1131 1332 ut
1162 1292 1342 1345 potestis
1375 1295 1564 1345 optume.

916 1373 1215 1427 Pancyyris

312 1445 437 1487 Nunc
454 1445 611 1499 places,
639 1460 770 1499 quom
794 1449 912 1487 recte
939 1452 1176 1498 monstras3
1208 1460 1319 1488 nunc
1344 1445 1423 1488 tibi
1449 1446 1803 1488 auscultabimus.

314 1516 450 1570 Nunc,
485 1531 620 1568 soror,
653 1517 860 1559 abeamus
892 1519 1018 1559 intro.

927 1596 1201 1649 Pamphila

1075 1668 1208 1709 Immo
1241 1669 1495 1711 interuisam
1528 1669 1712 1711 domum.
1745 1681 1807 1714 150
1838 1724 1842 1730 λ

317 1739 358 1781 Si
392 1740 446 1782 ab
479 1741 575 1782 uiro
607 1740 686 1782 tibi
718 1739 829 1782 forte
863 1742 1008 1782 ueniet
1039 1742 1225 1791 nuntius,
1258 1739 1389 1782 facito
1422 1745 1470 1782 ut
1501 1741 1647 1782 sciam.

915 1819 1210 1873 Pcmeyyris

313 1892 464 1945 Neque
496 1905 573 1945 ego
606 1897 648 1934 te
681 1892 831 1934 celabo
864 1906 1002 1946 neque
1034 1897 1082 1934 tu
1113 1906 1178 1933 me
1211 1891 1392 1934 celassis
1426 1891 1542 1946 quod
1575 1892 1695 1934 scies.

315 1964 408 2006 Eho
440 1962 695 2015 Crocotium,
727 1965 753 2013 i,
787 1965 1027 2018 parasitum
1063 1964 1326 2006 Gelasimum
1360 1963 1439 2005 huc
1470 1964 1691 2015 arcessito,

315 2035 474 2076 Tecum
507 2035 695 2087 adduce3
727 2049 826 2077 nam
856 2036 975 2077 illum
1009 2041 1180 2077 ecastor
1211 2036 1381 2077 mittere
1414 2034 1468 2076 acl
1494 2039 1667 2089 portum
1691 2035 1803 2085 uolo,

317 2105 359 2147 Si
393 2120 504 2160 quae
534 2105 646 2148 forte
678 2121 729 2148 ex
759 2107 864 2149 Asia
895 2109 1017 2149 nauis
1050 2108 1142 2149 heri
1175 2111 1252 2149 aut
1283 2107 1408 2148 hodie
1441 2107 1621 2149 uenerit.
1743 2117 1805 2151 155

314 2179 424 2220 Nam
456 2178 547 2220 dies
579 2182 696 2221 totos
729 2180 843 2233 apud
876 2184 1047 2233 portum
1082 2193 1232 2221 seruos
1264 2193 1373 2220 unus
1404 2178 1591 2230 adsidet3

317 2250 399 2292 Sed
431 2255 577 2292 tamen
608 2250 707 2292 uolo
738 2251 949 2292 interuisi.
1012 2251 1199 2304 Propera
1230 2255 1358 2303 atque
1390 2242 1583 2292 actutum
1614 2250 1719 2292 redi.

432 2409 495 2442 143
520 2420 612 2452 quae
639 2409 684 2442 ad
710 2409 829 2443 uirum
857 2409 921 2444 BC
1001 2411 1064 2443 144
1090 2421 1135 2444 ue
1161 2412 1283 2444 utrum
1308 2407 1343 2443 Β
1422 2409 1484 2443 145
1510 2407 1751 2452 Persequitur
1770 2406 1805 2441 Β

317 2466 381 2499 147
407 2465 632 2499 arbitrarunt
658 2464 686 2499 O
790 2467 852 2500 148
877 2465 1011 2509 Qurate
1036 2465 1071 2499 Β
1177 2466 1240 2500 149
1266 2465 1389 2509 placet
1412 2463 1480 2499 BC
1582 2463 1804 2500 auscultaui-

314 2533 395 2556 mus
420 2522 454 2556 A
551 2522 613 2556 150
637 2521 837 2556 habeamus
863 2522 898 2557 Β
1000 2523 1060 2556 151
1090 2534 1110 2556 a
1134 2521 1199 2557 BC
1290 2520 1410 2556 faceto
1437 2521 1472 2556 A
1568 2522 1631 2555 152
1655 2521 1747 2556 scias
1771 2520 1805 2555 A

319 2579 382 2612 153
407 2578 648 2614 crocoticium
677 2577 705 2612 Ο
806 2579 815 2612 i
842 2589 907 2614 om.
934 2578 1002 2614 ΑΟ
1101 2579 1161 2613 hic
1187 2577 1219 2611 A
1325 2579 1388 2612 156
1413 2589 1565 2622 porcum
1590 2577 1626 2611 Β
1744 2577 1806 2612 157

314 2635 438 2670 tarien
463 2634 498 2669 B
615 2638 724 2679 atque
750 2645 813 2670 om.
840 2635 907 2670 BC
