2009 3218
167 180 215 226 ll,
239 183 275 223 8,
300 181 436 216 42—55
785 181 1041 218 Truculentue.
1574 189 1655 229 359

749 308 1060 362 Stratyllax

521 378 648 420 Erilis
681 383 829 420 noster
861 378 974 421 filius
1006 381 1120 434 apud
1155 396 1234 423 uos
1266 382 1452 425 Strabax

169 451 225 494 Ut
256 455 414 505 pereat,
448 455 497 492 ut
527 465 623 492 eum
655 451 859 492 inliciatis
890 452 932 492 in
967 452 1123 494 malam
1149 453 1341 495 fraudem
1369 461 1412 497 et
1436 456 1651 509 probrum.

742 531 1066 584 Astaphium

165 602 304 646 Sanus
334 602 370 644 si
399 601 590 651 uideam,
624 601 784 644 dicam:
818 603 925 644 dicis
958 604 1280 646 contumeliam.
1587 619 1652 653 296

165 674 298 717 Nemo
329 673 456 716 homo
488 673 558 715 hic
588 673 698 716 solet
729 675 870 728 peri're
902 675 1015 729 apud
1050 690 1147 726 nos;
1180 691 1248 718 res
1282 678 1470 731 perdunt
1502 694 1615 721 suas.

166 745 248 789 Ubi
277 759 346 788 res
377 745 620 800 perdidere,
652 745 773 788 abire
805 746 916 791 hinc,
949 748 983 789 si
1017 747 1183 799 uolunt,
1215 748 1349 791 saluis
1382 750 1491 792 licet.

165 817 254 872 Ego
285 817 424 859 istunc
456 831 540 859 non
572 818 674 859 noui
705 817 1025 861 adulescentem
1058 824 1266 862 nostrum.

755 908 1061 963 Stratyllax

1320 968 1462 1011 Ueron
1494 971 1636 1013 serio?

165 1037 274 1090 Quid
313 1038 498 1080 maceria
536 1037 612 1079 illa
643 1039 718 1090 ait,
758 1040 800 1080 in
842 1038 969 1081 horto
1009 1053 1120 1093 quae
1152 1045 1235 1088 est,
1276 1054 1387 1094 quae
1428 1042 1470 1083 in
1502 1047 1651 1086 noctes

1110 1112 1303 1166 singulas
1585 1126 1653 1160 300

160 1181 313 1224 Latere
343 1181 392 1223 fit
421 1182 573 1232 minor,
606 1196 693 1236 qua
724 1184 759 1224 is
791 1182 844 1225 ad
878 1197 956 1225 uos
990 1183 1136 1226 damni
1168 1191 1445 1239 permensust
1477 1187 1622 1229 uiam?

745 1274 778 1314 A
789 1288 808 1315 s
819 1279 837 1315 t
849 1288 874 1315 a
886 1289 911 1329 p
924 1274 950 1315 h
963 1275 974 1315 i
988 1288 1014 1315 u
1028 1288 1064 1315 m

161 1344 278 1387 Nihil
301 1346 454 1387 mirum
473 1369 528 1373 —
544 1349 671 1387 uetus
697 1352 759 1387 est
787 1347 974 1387 maceria
993 1369 1046 1375 ——
1065 1346 1225 1389 lateres
1251 1349 1286 1389 si
1314 1352 1482 1390 ueteres
1506 1354 1649 1391 ruunt.

751 1439 1057 1495 Stratyllax

164 1512 242 1555 Ain
273 1517 321 1555 tu
344 1513 479 1555 uero?
510 1516 682 1554 ueteres
707 1512 867 1555 lateres
891 1514 1045 1555 ruere?
1090 1513 1336 1567 Numquam
1362 1515 1516 1570 edepol
1546 1516 1649 1558 mihi

164 1584 399 1640 Quisquam
431 1584 558 1627 homo
590 1585 786 1626 mortalis
814 1585 996 1639 posthac
1029 1586 1279 1628 diuinarum
1303 1602 1444 1629 rerum
1472 1588 1648 1640 creduit,

162 1655 216 1699 Ni
247 1671 325 1712 ego
357 1671 430 1699 ero
462 1657 615 1700 maiori
647 1662 798 1699 uostra
828 1657 942 1699 facta
975 1657 1280 1701 ‹lenarrauero.
1583 1671 1649 1706 305

745 1737 1060 1790 Astaphium

164 1806 296 1850 Estne
327 1809 430 1851 item
461 1808 678 1851 uiolentus
711 1813 759 1850 ut
789 1809 867 1850 tu‘?

749 1887 1061 1942 Stratyllax

933 1959 1029 2002 Non
1060 1961 1173 2003 enim
1204 1961 1276 2003 ille
1307 1962 1590 2005 meretriculis

162 2030 438 2075 Munerandis
470 2047 558 2074 rem
591 2033 743 2085 coegit,
777 2047 930 2074 uerum
962 2033 1250 2086 parsimoniae

272 2193 339 2228 294
364 2191 475 2228 her-iis
496 2191 543 2233 B,
568 2191 678 2226 herus
700 2191 728 2226 C
796 2195 958 2226 nostram
986 2203 1057 2236 pax
1069 2190 1136 2226 BC
1204 2192 1270 2226 295
1292 2190 1342 2227 Ut
1367 2203 1434 2236 per
1458 2203 1502 2226 ex
1527 2195 1586 2227 tut
1598 2192 1643 2234 Β,

161 2251 203 2283 ut
225 2259 289 2293 per
312 2260 358 2284 ex
381 2252 461 2284 tute
488 2248 518 2284 C
600 2248 788 2283 inleciatis
812 2249 857 2291 A,
884 2249 1046 2283 iniciatis
1071 2247 1139 2283 BG
1222 2248 1401 2293 premium
1426 2248 1494 2283 BG
1579 2250 1645 2284 296

161 2304 320 2341 uidearis
345 2306 378 2340 A
468 2307 534 2340 297
559 2305 746 2340 hominem
773 2304 838 2339 BC
921 2304 988 2339 hec
1014 2304 1059 2348 Β,
1086 2305 1175 2339 haec
1201 2304 1230 2339 0
1314 2306 1436 2350 perire
1461 2306 1558 2341 solet
1582 2305 1649 2340 Bc·

161 2362 227 2397 298
249 2362 491 2407 perdiderunt
516 2373 574 2397 res
598 2361 666 2396 BC
765 2361 886 2396 abiere
913 2362 945 2395 A
1046 2364 1086 2395 ut
1110 2361 1165 2395 uis
1189 2360 1257 2402 BQ
1350 2363 1416 2397 299
1439 2361 1522 2406 Ego
1548 2373 1646 2397 nunc

161 2418 246 2454 noui
271 2418 339 2454 Bc
405 2419 527 2454 serion
553 2417 620 2454 Bc
687 2419 754 2453 300
778 2417 844 2461 Qui
872 2418 908 2452 in
934 2417 1000 2452 BC
1074 2423 1137 2452 aut
1160 2417 1196 2452 B
1269 2419 1332 2453 301
1360 2418 1488 2453 Lateri
1512 2417 1581 2453 BC

162 2474 192 2508 is
216 2478 305 2520 aput
329 2487 396 2510 uos
420 2476 465 2518 A,
491 2476 553 2510 isti
579 2488 644 2510 nos
670 2475 740 2510 ΒΟ
830 2474 973 2509 damnis
998 2474 1030 2507 A
1126 2485 1337 2518 permensus
1364 2479 1466 2510 tuum
1490 2474 1536 2517 B,
1562 2486 1643 2520 per-

161 2541 304 2566 mensus
330 2536 409 2566 tum
434 2532 464 2569 C
577 2533 643 2566 302
670 2531 752 2566 Non
777 2532 821 2574 B,
849 2544 896 2565 no
923 2531 951 2565 C
1065 2542 1207 2566 macero
1233 2530 1299 2565 BG
1417 2532 1483 2565 303
1510 2531 1579 2566 Ain
1605 2534 1646 2566 tu

160 2588 253 2623 male
276 2588 321 2631 B,
352 2589 549 2624 amtumale
575 2588 604 2623 C
676 2589 810 2622 lateres
837 2591 983 2622 ueteres
1011 2587 1076 2622 BC
1154 2598 1239 2622 rure
1262 2587 1308 2630 A,
1335 2598 1419 2621 uere
1444 2587 1511 2622 BC
1579 2589 1644 2622 304

161 2646 261 2679 tomo
285 2645 354 2680 Bo
457 2650 654 2690 postquam
681 2646 714 2679 Α
818 2644 974 2678 duarum
1074 2645 1140 2679 305
1164 2644 1208 2679 Ni
1235 2655 1313 2679 esse
1337 2655 1406 2688 ego
1432 2647 1556 2679 uestra
1581 2655 1643 2678 ero

162 2701 274 2735 amari
297 2701 396 2736 facta
419 2701 490 2738 BG
621 2704 687 2735 306
713 2702 774 2735 ille
802 2701 986 2735 uiolentus
1012 2712 1117 2735 suum
1140 2700 1210 2736 BC
1338 2700 1593 2736 meretriculus
1620 2702 1648 2735 C

163 2758 228 2792 307
252 2757 460 2793 Moniendis
485 2759 550 2793 BC
623 2770 661 2792 re
687 2757 722 2792 Β
804 2758 886 2801 cogi
910 2757 977 2793 BC
1055 2758 1279 2802 parsimonia
1302 2758 1345 2799 A,
1373 2756 1643 2802 parsimonieB
