2009 3218
349 223 399 260 74
1029 214 1148 248 Plauti
1574 212 1616 255 V,
1641 213 1671 254 2,
1702 213 1833 251 18—,29

349 343 405 385 Ut
436 356 501 384 me
533 343 577 383 in
608 341 739 383 tricas
769 340 1022 382 coniecisti?
1068 337 1282 392 quomodo
1314 337 1366 379 de
1390 337 1523 378 Persa
1555 349 1705 378 manus
1729 336 1833 378 mihi

1294 408 1414 450 adita
1446 408 1537 450 est?

983 489 1203 531 Toaez‘lus

349 563 538 616 Iurgium
571 562 670 604 hinc
700 562 884 613 auferas,

349 636 391 677 Si
424 635 579 689 sapias,

958 704 1231 746 Dordalus

580 780 636 821 At
665 779 778 821 bona
809 777 981 827 liberta,
1013 776 1120 819 haec
1150 775 1316 818 sciuisti
1347 779 1389 816 et
1419 788 1486 816 me
1518 773 1745 816 celauisti?
1770 785 1838 819 795

906 871 1275 914 Lemniselena

350 948 548 991 Stultitia
578 951 654 999 est,
688 947 789 1001 quoi
821 946 930 988 bene
963 958 1056 985 esse
1087 944 1200 990 licet,
1235 957 1330 983 eum
1362 930 1585 995 praeuorti
1615 940 1780 982 litibus.

350 1020 569 1062 Posterius
600 1021 738 1062 istaec
768 1023 811 1060 te
842 1018 980 1071 magis
1013 1030 1092 1071 par
1123 1029 1251 1069 agere
1284 1019 1361 1056 est.

960 1097 1003 1139 D
1015 1111 1035 1138 0
1046 1111 1068 1137 r
1079 1098 1105 1137 d
1114 1109 1137 1137 α
1149 1097 1197 1137 lu
1206 1109 1227 1136 3

1436 1149 1520 1194 Cor
1550 1150 1654 1193 mihi
1685 1150 1838 1192 uritur.

987 1226 1205 1267 Toxilus

353 1304 417 1345 Da
440 1303 503 1344 illi
528 1301 808 1351 cantharum3
842 1299 1065 1352 exstingue
1089 1299 1243 1350 ignem,
1276 1297 1311 1338 si
1344 1310 1418 1338 cor
1447 1296 1598 1347 uritur,
1629 1299 1759 1349 caput
1788 1308 1840 1336 ne

1299 1368 1511 1410 ardescat.

959 1450 1234 1491 Dordalus

355 1527 500 1568 Ludos
534 1539 600 1567 me
631 1525 787 1574 facitis,
819 1523 1038 1576 intellego.

988 1613 1207 1655 Toxilus

352 1689 436 1732 Uin
468 1689 691 1731 cinaedum
723 1701 880 1729 nouom
912 1686 991 1728 tibi
1024 1685 1146 1727 dari‘?
1208 1684 1455 1737 Paegnium,
1773 1693 1841 1728 800

352 1761 500 1813 Elude,
532 1767 580 1803 ut
610 1761 736 1812 soles,
768 1759 942 1813 quando
974 1758 1085 1800 liber
1115 1757 1258 1799 locust
1289 1756 1370 1797 hic.

353 1834 456 1876 Hui!
490 1833 642 1884 babae,
673 1832 853 1874 basilice
884 1836 927 1873 te
958 1830 1145 1872 intulisti
1177 1834 1220 1870 et
1249 1829 1402 1871 facete.

956 1910 1055 1952 Pae
1065 1910 1241 1963 ynium

354 1986 488 2027 Decet
519 1999 585 2026 me
616 1985 801 2027 facetum
833 1997 939 2033 esse,
972 1987 1015 2025 et
1046 1982 1158 2023 hunc
1189 1981 1378 2023 inridere

356 2059 570 2100 Lenonem
602 2057 748 2099 lubido
780 2060 857 2107 est,
888 2055 1064 2109 quando
1096 2054 1251 2108 dignus
1284 2058 1361 2096 est.

992 2151 1020 2191 1
1035 2164 1055 2190 ο
1066 2150 1209 2191 :nilus

356 2213 500 2265 Perge,
533 2215 580 2253 ut
611 2224 829 2264 coeperas.

964 2280 1245 2332 Paeymfum

898 2353 1001 2403 Hoc,
1033 2352 1144 2401 leno,
1175 2350 1269 2392 tibi.
1775 2357 1843 2391 805

963 2445 1245 2489 Dordalus

358 2523 484 2574 Perii,
518 2522 701 2576 perculit
733 2536 797 2564 me
830 2534 976 2575 prope.

470 2683 535 2716 793
561 2680 700 2715 trichas
723 2680 766 2717 Β,
794 2679 956 2713 thrichas
974 2678 1002 2713 G
1148 2677 1309 2711 additast
1464 2675 1529 2708 795
1555 2673 1695 2706 sciuisti
1720 2683 1763 2705 ea
1788 2682 1844 2704 me

357 2741 423 2774 797
448 2738 599 2772 istahoec
699 2760 702 2763 -
726 2737 846 2770 uritur
870 2746 934 2768 eor
958 2734 1045 2768 mihi
1176 2735 1243 2768 800
1267 2733 1423 2768 Uincine
1449 2731 1533 2764 dum
1657 2729 1722 2762 801
1750 2727 1844 2772 Quin

358 2796 461 2830 elude
553 2796 620 2829 805
644 2804 791 2838 ceperas
884 2792 950 2825 806
976 2791 1058 2825 Peri
