2009 3218
306 238 387 278 206
994 235 1114 271 Plauti
1548 237 1574 281 Ι,
1600 238 1630 280 3,
1656 238 1790 273 70—83

305 360 515 402 Hercules
546 365 590 403 te
622 360 788 402 amabit
817 360 1019 415 prandi03
1052 375 1159 403 cena
1189 361 1279 403 tibi.

306 431 456 484 Ehem,
490 431 741 474 adnuistin‘?
800 431 934 474 Nemo
967 433 1167 474 meliores
1198 432 1332 475 dabit.

307 502 442 556 [Nulli
471 503 670 545 meliores
703 517 796 545 esse
828 505 1042 557 parasitos
1076 503 1246 558 sinam]

307 573 386 616 Uel
416 574 657 616 iunctiones
691 574 879 617 Graecas
911 576 1160 618 sudatorias
1731 592 1798 625 230

310 645 458 687 Uendo
490 645 560 687 uel
591 645 720 688 lalias
751 647 944 689 malacas
976 647 1256 700 crapularias,

307 716 634 765 Cauillationes,
666 717 1068 760 adsentatiunculas

305 789 366 830 Ac
397 789 788 843 perieratiunculas
820 791 1091 844 parasiticas.

306 860 613 913 Robiginosam
645 862 866 915 strigilem,
898 863 1132 916 ampullam
1163 861 1376 913 rubidam,

306 933 550 974 Parasitum
581 933 767 984 inanem,
801 947 885 987 quo
916 933 1127 975 recondas
1158 933 1377 988 reliquias.
1510 930 1515 933 ’
1733 950 1799 983 235

305 1004 422 1046 Haec
452 1005 639 1046 ueniisse
669 1006 754 1046 iam
789 1020 895 1060 opus
929 1010 996 1047 est
1026 1011 1235 1059 quantum
1268 1011 1425 1060 potest,

307 1076 363 1118 Ut
395 1077 617 1118 decumam
650 1082 818 1131 partem
852 1077 1024 1119 Herculi
1059 1077 1314 1131 polluceam.

902 1163 1203 1206 Crocotium

307 1235 490 1277 Ecastor
522 1236 766 1277 auctionem
796 1236 914 1278 haud
945 1239 1088 1290 magni
1121 1237 1244 1290 preti.

307 1306 518 1348 Adhaesit
549 1306 710 1349 homini
742 1308 797 1349 ad
829 1307 1035 1350 infumum
1071 1313 1265 1350 uentrem
1298 1308 1447 1351 fames.

307 1379 446 1420 Adibo
479 1379 534 1420 ad
566 1378 793 1421 hominem.

902 1463 1205 1506 Gelasimus

717 1533 821 1584 Quis
853 1535 958 1577 haec
989 1541 1067 1585 est,
1101 1549 1212 1589 quae
1244 1536 1478 1578 aduorsum
1509 1538 1543 1579 it
1575 1537 1708 1580 mihi?
1733 1550 1799 1584 240

306 1605 535 1659 Epignomi
567 1606 724 1648 ancilla
755 1606 862 1649 haec
893 1607 1065 1661 quidem
1099 1613 1176 1658 est,
1211 1606 1470 1650 Crocotium.

901 1701 1208 1744 Crocotium

309 1757 528 1799 Gelasime
561 1757 695 1800 salue.

902 1831 1200 1892 Gelasimus

742 1901 838 1944 Non
869 1903 911 1944 id
946 1910 1009 1945 est
1039 1917 1194 1945 nomen
1226 1903 1343 1944 mihi.

903 1996 1205 2039 Crocotium

311 2068 437 2110 Certo
471 2074 684 2109 mecastor
715 2069 758 2110 id
790 2067 871 2110 fuit
902 2083 1055 2110 nomen
1088 2069 1178 2110 tibi.

904 2159 1203 2202 Gelasimus

312 2231 410 2272 Fuit
442 2231 649 2281 ‹lisertim,
684 2245 834 2272 uerum
866 2232 909 2272 id
942 2246 1019 2273 usu
1052 2231 1241 2285 perdidi;

312 2303 436 2344 Nunc
467 2303 755 2355 Miccotrogus
788 2305 958 2344 nomine
992 2318 1013 2345 e
1045 2317 1149 2345 uero
1182 2316 1325 2344 uocor.
1735 2312 1799 2346 245

426 2462 491 2494 227
518 2460 871 2495 Herculeisteamaui
897 2461 932 2495 A
1031 2463 1095 2495 226
1120 2461 1237 2495 Nullis
1263 2459 1330 2495 BG
1427 2461 1494 2494 230
1518 2459 1711 2494 unctiones
1735 2457 1802 2494 BG

405 2517 638 2551 subdatorias
663 2516 699 2550 B
769 2519 830 2552 231
860 2519 949 2551 alias
1019 2518 1115 2552 mala
1140 2523 1260 2552 eastra
1285 2517 1447 2561 pularias
1472 2515 1540 2551 BC
1606 2518 1670 2552 233
1696 2515 1799 2561 ApA

404 2573 739 2618 pei-iuratiunculas
765 2574 829 2608 BC
898 2576 964 2609 234
989 2575 1244 2618 rubiginosam
1261 2573 1288 2609 G
1356 2573 1577 2617 strigilimA
1647 2573 1712 2609 236
1736 2583 1797 2607 ue-

314 2632 410 2666 nisse
435 2629 509 2672 BC',
536 2631 700 2664 euenisse
726 2631 759 2664 A
780 2636 863 2674 post
887 2632 962 2665 212
1049 2632 1114 2665 238
1139 2630 1316 2665 Ecmator
1341 2629 1373 2663 A
1460 2630 1573 2674 pretii
1651 2630 1717 2664 239
1741 2629 1795 2663 in·

314 2687 457 2722 firmum
482 2685 515 2720 B
615 2688 682 2720 240
708 2688 752 2721 ad
779 2687 879 2722 omC
979 2698 1072 2731 quae
1100 2687 1185 2720 mihi
1214 2686 1409 2720 adum-sum
1435 2686 1537 2721 uenit
1562 2686 1606 2729 A,
1633 2696 1724 2730 quae
1753 2684 1799 2718 ad

315 2743 530 2778 usmsudmhi
555 2742 590 2777 B
685 2776 688 2780 ,
729 2745 794 2777 242
820 2744 994 2787 gciasime
1021 2744 1052 2777 A
1193 2745 1258 2777 244
1284 2743 1461 2778 disertum
1487 2742 1534 2786 Β,
1562 2742 1748 2777 desertum
1775 2740 1804 2776 C

316 2802 380 2835 245
406 2801 635 2844 micotrogus
662 2799 689 2833 C
781 2812 824 2833 cx
852 2799 918 2834 BC
1532 2824 1543 2845 ,
