2009 3218
329 215 405 254 140
1004 214 1125 250 Plauti
1517 214 1589 257 III,
1613 215 1646 257 6,
1673 215 1803 249 19—31

321 335 437 386 Quos
471 329 635 378 mecum
668 336 780 387 duxi,
813 338 925 380 hunc
956 341 1029 394 qui
1061 341 1116 382 ad
1148 341 1408 383 carnuficem
1440 340 1683 390 traderent3

322 407 424 448 Post
454 407 538 449 huc
568 408 707 450 redito
739 414 872 463 atque
902 413 1067 465 agitato
1099 412 1169 453 hic
1201 412 1453 454 custodiam.

322 479 412 532 Ego
443 479 556 521 hunc
587 480 821 523 scelestum
850 483 895 524 in
924 483 993 525 ius
1023 485 1192 538 rapiam
1224 482 1556 526 excruciabilem.

323 551 422 604 Age,
454 551 629 593 ambula
658 552 702 593 in
733 553 813 595 ius.

962 633 1168 676 Labrax

864 704 978 755 Quid
1009 719 1088 759 ego
1122 705 1313 760 deliqui?

894 783 1238 837 Plesidippus

1368 856 1546 909 Rogas?

323 926 458 975 Quinc
487 925 746 968 arrabonem
776 940 803 968 a
834 940 900 968 me
930 928 1139 981 accepisti
1170 927 1224 969 ob
1257 927 1477 969 mulierem
1500 914 1553 969 =et
1741 938 1809 972 850

324 998 430 1039 Eam
461 997 561 1039 hino
591 997 823 1040 abduxisti.

961 1077 1168 1121 Labraae

892 1150 985 1193 Non
1019 1151 1156 1194 auexi.

891 1229 1236 1282 Plesidippus

1208 1302 1324 1354 Quor
1354 1303 1517 1356 negas?

966 1380 1171 1424 Labrax

326 1453 437 1502 Quia
467 1453 539 1507 pol
570 1454 769 1506 prouexi3
801 1452 986 1495 auehere
1016 1468 1100 1496 non
1133 1454 1253 1507 quiui
1283 1454 1423 1496 miser.

326 1525 537 1578 Equidem
569 1525 647 1566 tibi
680 1538 794 1566 nuno
825 1539 892 1567 me
924 1525 1114 1567 dixeram
1148 1531 1324 1579 praesto
1355 1524 1446 1568 fore

326 1597 452 1652 Apud
489 1597 668 1639 Ueneris
700 1596 871 1649 fanum3
901 1597 1110 1652 numquid
1141 1599 1292 1640 muto?
1323 1612 1471 1640 sumne
1502 1597 1594 1640 ibi?

893 1691 1240 1745 Plesidippus

326 1765 373 1806 In
405 1765 498 1806 iure
529 1778 705 1806 causam
738 1764 870 1806 dicito
885 1780 894 1815 ;
926 1764 996 1806 hic
1026 1763 1207 1806 uerbum
1237 1769 1304 1807 sat
1335 1769 1412 1807 est..
1745 1774 1814 1810 855

328 1836 530 1891 Sequere.

968 1908 1006 1948 L
1015 1922 1035 1949 α
1048 1907 1070 1948 b
1080 1923 1102 1948 r
1111 1922 1174 1950 απ

597 1978 789 2022 Obsecro
822 1985 877 2031 te,
909 1980 1104 2032 subueni,
1134 1981 1191 2022 mi
1224 1979 1499 2031 Charmides3

329 2053 490 2106 Rapior
521 2056 694 2106 optorto
726 2052 849 2094 collo.

917 2131 1222 2173 Charmides

926 2203 1032 2254 Quis
1063 2217 1130 2245 me
1161 2203 1385 2245 nominat?

967 2293 1177 2336 Labrax

329 2368 470 2411 Uiden
501 2381 568 2409 me
599 2374 646 2408 ut
676 2367 852 2421 rapior?

921 2446 985 2488 Gk
994 2459 1018 2487 a
1030 2461 1052 2487 r
1061 2446 1126 2487 mi
1137 2447 1165 2487 d
1175 2459 1195 2486 e
1203 2459 1225 2487 s

914 2517 1052 2560 Uideo
1084 2522 1214 2572 atque
1245 2517 1439 2571 inspecto
1469 2516 1636 2558 lubens.

442 2678 509 2713 846
534 2678 594 2721 qui
621 2677 717 2710 hunc
793 2678 860 2711 84&
885 2677 1023 2720 rapiam
1050 2677 1193 2710 exulem
1275 2675 1343 2710 850
1366 2674 1461 2717 Quin
1543 2674 1733 2709 mulierem
1759 2676 1814 2708 est

330 2738 392 2771 851
422 2735 499 2770 Iam
627 2733 784 2781 853=tihi
812 2745 833 2765 u
859 2744 915 2767 me
940 2733 984 2776 B,
1010 2733 1077 2766 tibi
1101 2743 1160 2767 me
1188 2732 1218 2767 Ο
1342 2733 1410 2766 854
1434 2731 1558 2766 fanum
1584 2731 1672 2775 quid
1697 2731 1813 2764 multo

330 2793 396 2828 856
423 2791 491 2826 mei
585 2792 651 2826 5:357
677 2794 766 2834 opto
792 2788 826 2823 Β
919 2791 986 2824 858
1011 2789 1148 2824 uinden
1175 2788 1204 2823 C
