2009 3218
168 208 229 248 IV.
256 210 286 249 3,
312 208 448 242 67-’79
608 175 614 183 ⁸
840 206 1001 242 Rudons.
1582 212 1652 250 15]

772 332 1045 374 Trachalio

168 406 446 449 Elleborosus
478 419 585 446 sum.

817 476 1016 528 Gripus
1374 531 1376 535 ‚

573 551 627 590 At
660 563 739 603 ego
772 549 975 594 cerritum
1009 549 1121 590 hunc
1152 563 1236 591 non
1270 551 1465 591 amittam
1498 556 1655 591 tamen.

769 640 1048 682 Trachalio

165 713 355 756 Uerbum
387 713 499 755 adde
532 714 664 755 etiam
697 727 840 759 unum,
873 712 956 753 iam
984 713 1024 753 in
1052 712 1229 754 cerebro
1254 712 1460 765 colaphos
1486 712 1657 755 abstru-

1117 784 1215 825 dam
1249 788 1337 826 tuo.

165 857 254 910 Ego
281 858 364 899 iam
391 857 458 899 hic
484 864 537 902 te,
569 857 718 899 itidem
749 858 873 911 quasi
901 856 1124 910 peniculus
1150 870 1285 897 nouos
1312 857 1509 909 exurgeri
1535 856 1657 902 solet.

164 929 216 970 Ni
251 929 360 971 hunc.
391 931 567 972 amittis.
602 929 820 981 exurgebo
853 927 1062 982 quidquid
1096 927 1287 969 humoris
1320 928 1454 970 tibist.
1590 941 1657 975 996

812 1020 883 1063 Gr
897 1022 1016 1073 lpus

164 1092 332 1146 Tange;
373 1092 575 1146 adfligam
620 1093 673 1134 ad
707 1099 867 1134 terram
901 1098 942 1134 te
976 1092 1125 1134 itidem
1161 1095 1207 1132 ut
1238 1092 1397 1144 piscem
1432 1092 1550 1135 soleo
1582 1107 1656 1147 po-

1113 1163 1274 1217 lypum.

165 1236 240 1279 Uis
272 1241 493 1291 pugnare?

764 1308 1044 1351 Trachalio

527 1381 639 1431 Quid
671 1382 832 1436 opust?
864 1382 969 1435 quin
1000 1386 1046 1423 tu
1080 1382 1226 1434 potius
1258 1381 1464 1435 praedam
1496 1381 1658 1425 diuide.

811 1464 1011 1517 Gripus

163 1537 273 1580 Hinc
303 1543 351 1580 tu
383 1539 465 1581 nisi
497 1539 656 1581 malum
688 1538 868 1580 frunisci
901 1537 1010 1579 nihil
1043 1543 1181 1592 potes,
1214 1551 1266 1580 ne
1299 1537 1503 1592 postules.

162 1611 281 1654 Abeo
313 1624 392 1665 ego
424 1611 538 1653 hinc.

767 1683 1047 1725 Trachalio

331 1757 388 1798 At
418 1770 496 1809 ego
528 1755 628 1798 hinc
659 1754 879 1798 offlectam
911 1768 1078 1805 nauem,
1110 1769 1161 1797 ne
1194 1769 1280 1808 quo
1313 1755 1458 1798 abeas.
1514 1756 1654 1798 Mane.

812 1834 1012 1888 Gripus

164 1908 208 1951 Si
239 1913 287 1951 tu
320 1912 496 1963 proreta
527 1909 599 1950 isti
632 1908 733 1950 naui
765 1921 825 1959 es,
859 1921 938 1961 ego
969 1907 1233 1961 gubernator
1264 1921 1350 1950 ero.
1569 1920 1652 1953 1001

163 1980 288 2024 Mitte
319 1980 559 2032 rudentem,
591 1971 787 2022 scelestess

766 2071 1047 2113 Trachalio

984 2142 1178 2195 Mittam3
1210 2143 1359 2185 omitte
1390 2143 1598 2186 uidulum.

815 2221 1014 2275 Gripus

164 2294 408 2350 Numquam
442 2297 587 2339 hercle
619 2295 718 2337 hinc
751 2294 878 2336 hodie
910 2301 1107 2336 ramenta
1138 2296 1214 2337 fies
1246 2295 1520 2338 fortunatior.

768 2387 1047 2428 Trachalio

165 2457 257 2500 Nou
292 2459 476 2513 probare
508 2459 787 2513 pernegando
822 2458 922 2500 mihi
957 2464 1094 2512 potes,
1127 2460 1207 2501 nisi
1240 2474 1342 2514 pars
1376 2459 1504 2502 datur

166 2532 250 2572 Aut
280 2531 334 2572 ad
367 2532 578 2574 arbitrum
611 2531 776 2573 redit-ur
809 2537 883 2572 aut
916 2537 1143 2585 sequestro
1177 2533 1362 2585 ponitur.
1570 2544 1655 2577 1005

255 2692 323 2726 993
348 2693 395 2726 ad
488 2693 555 2727 995
580 2696 616 2726 to
642 2691 701 2726 hic
796 2690 986 2734 penicillus
1088 2702 1266 2735 exurgere
1365 2693 1431 2726 997
1456 2697 1494 2726 at.
1519 2691 1554 2726 B

166 2748 293 2782 itidem
320 2750 364 2783 ad
393 2755 433 2783 ut,
458 2747 493 2783 Β
647 2748 810 2791 polipum
963 2749 1028 2782 999
1054 2748 1247 2792 nepotules
1272 2747 1318 2790 B,
1345 2750 1416 2783 nisi
1441 2748 1605 2793 postulas
1631 2749 1658 2783 G

169 2804 254 2839 1000
277 2804 404 2840 Habeo
498 2805 635 2840 habeas
