2009 3218
139 197 202 239 IV,
226 199 257 238 2·
284 198 406 236 27-3»
432 199 452 229 3
813 198 970 233 studens.
1554 205 1626 241 145,

138 322 328 366 Nauibus
369 323 534 373 magnis
574 327 861 364 mercaturam
903 323 1078 375 faciam3
1125 326 1238 379 apud
1274 339 1394 377 reges
1425 339 1497 366 rex
1531 340 1625 379 per-

1087 396 1281 438 hibebor.

138 467 238 509 Post
269 466 400 508 animi
433 480 564 507 causa
598 466 698 508 mihi
731 480 885 508 nauem
919 467 1073 508 faciam
1107 474 1238 523 atque
1271 469 1473 510 imitabor
1506 472 1624 511 Stra-

1086 541 1276 582 tonicum
1290 557 1298 591 3
1559 553 1626 586 920

136 610 306 665 Oppida
330 610 467 651 omnia
494 610 879 652 circumuectabor.
944 611 1023 653 Ubi
1050 611 1256 653 nobilitas
1284 627 1377 653 mea
1395 615 1476 654 erit
1494 614 1623 662 clara,

135 682 348 738 Oppidum
390 697 587 735 magnum
629 683 909 734 conmuuib03
957 684 994 725 ei
1041 698 1119 737 ego
1167 684 1262 725 urbi
1305 685 1436 738 Gripo
1480 685 1620 726 indam

1083 770 1248 803 nomen,

135 827 455 868 Monumentum
493 841 609 868 meae
642 826 780 868 famae
807 831 850 868 et
874 827 1014 870 factis.
1049 828 1194 882 ibique
1221 842 1394 882 reguum
1424 843 1619 881 magnum

1083 901 1323 942 instituam.

136 971 311 1024 Magnas
350 985 417 1012 res
458 971 525 1013 hic
565 972 681 1023 agito
721 973 761 1012 in
805 977 988 1014 mentem
1030 974 1244 1015 instruere
1276 996 1331 1002 —
1363 987 1475 1014 nunc
1507 974 1620 1014 hunc

1081 1044 1277 1086 nidulum
1309 1044 1490 1086 condam
1527 1067 1574 1074 -—

132 1114 212 1157 Sed
246 1114 316 1156 hic
348 1129 421 1157 rex
454 1130 547 1157 eum
581 1123 706 1157 aceto
740 1121 998 1169 pransurust
1030 1122 1072 1158 et
1104 1117 1214 1166 sale,
1255 1117 1346 1158 sine
1379 1116 1492 1158 bono
1527 1117 1619 1170 pul-

1081 1193 1236 1230 mento.
1553 1201 1619 1234 925

538 1450 655 1492 ΤΒΑ
666 1450 900 1493 CHALIO.
970 1450 1210 1495 GRIPUS.

731 1588 1008 1630 Trachalt‘O

132 1642 259 1694 Heus,
291 1658 428 1686 mane.

777 1733 975 1785 Gripus

270 1802 382 1853 Quid
413 1805 642 1846 maneam?

731 1908 1006 1950 Trachalio

388 1978 498 2020 Dum
530 1979 641 2021 hanc
674 1979 765 2029 tibi,
798 1993 929 2034 quam
960 1980 1111 2030 trahis,
1144 1980 1369 2022 rudentem
1402 1981 1612 2035 conplico.

772 2081 972 2134 Gripus

453 2154 577 2196 Mitte
610 2154 751 2196 modo.

728 2256 1008 2297 Trachalio

128 2327 183 2368 At
220 2328 290 2381 pol
331 2342 408 2381 ego
449 2333 492 2368 te
524 2327 766 2380 adiuuab03
811 2342 909 2370 nam
945 2329 1066 2370 bonis
1099 2329 1213 2382 quod
1247 2329 1354 2371 bene
1388 2329 1456 2382 fit,
1497 2330 1613 2371 haud

1068 2401 1194 2454 perit.
1266 2399 1270 2402 ’

771 2490 973 2542 Gripus

328 2562 522 2605 Turbida
554 2566 790 2616 tempestas
822 2561 914 2602 heri
947 2562 1048 2609 fuit;

237 2721 303 2755 919
339 2732 391 2766 sq.
429 2725 672 2756 mercaturam
713 2719 842 2754 faciam
882 2722 990 2764 atque
1028 2720 1202 2756 imitabor
1237 2722 1381 2757 omissis
1417 2722 1545 2757 mediis
1580 2722 1614 2757 B

126 2776 187 2811 921
215 2778 338 2812 omnia
362 2788 428 2812 om.
495 2778 562 2811 922
588 2777 692 2821 elego
766 2777 900 2820 grippo
926 2776 1128 2821 indampno
1154 2775 1183 2810 C'
1243 2779 1308 2812 925
1335 2790 1532 2823 pransurus
1558 2782 1614 2812 est

226 2845 260 2870 v.
1264 2872 1267 2874 -
1300 2851 1340 2884 10
