2009 3218
819 199 858 233 v.
885 201 1075 235 647—689.
1607 203 1688 244 449

202 333 333 383 petat,
370 343 417 367 ne
447 328 515 366 illo
545 331 688 377 negato
719 329 864 378 emptio
897 329 1010 366 irrita
1041 328 1120 367 fiat.
1153 349 1208 354 —
1240 331 1333 368 668.
1376 339 1539 376 ansam,
1582 343 1688 368 occa-

202 401 358 438 sionem.
390 417 444 422 -
474 392 586 434 Abin
617 395 732 433 Both.
766 415 818 421 —
852 397 943 433 669.
978 394 1117 441 istum,
1150 397 1320 444 Persam,
1353 412 1399 435 ne
1431 399 1532 437 forte
1563 399 1689 436 iratus

206 467 331 506 abeat.

315 536 406 574 670.
439 533 590 571 Novam
617 545 768 570 scenam
796 533 988 584 incipiunt
1018 534 1146 579 codd.‚
1178 535 1357 583 quamvis
1387 535 1497 573 nulla
1529 536 1690 574 accedat

202 618 300 644 nova
328 615 514 654 persona,
558 615 627 638 nec
666 614 736 639 nos
775 602 814 638 in
855 614 895 638 re
927 601 1092 639 levicula
1123 602 1321 640 discedere
1354 603 1559 651 noluimus,
1592 617 1689 654 prae-

200 673 333 711 sertim
377 683 495 720 quum
543 674 712 707 metrum
754 684 775 706 a
815 671 1038 720 septenario
1079 671 1117 707 in
1157 672 1353 709 senarium
1400 675 1588 710 mutetur.
1635 692 1691 697 —

203 742 277 779 671
312 753 368 788 sq.
402 738 521 788 Virgo
563 742 719 787 gratum
758 751 841 775 esse
873 738 1054 776 Toxilum
1095 752 1172 776 non
1214 740 1390 786 miratur,
1433 742 1525 789 quia
1566 741 1690 778 bonus

202 810 261 847 vir
290 809 354 846 sit.
413 806 561 844 Eadem
593 807 786 843 sententia
819 806 917 844 Rud.
952 808 1032 844 928
1065 811 1104 843 et
1134 807 1245 857 capt.
1275 809 1375 844 353:
1416 808 1551 854 „Quod
1579 809 1690 846 bonis

202 875 344 915 benefit
373 875 616 921 beneficium,
649 876 776 923 gratia
808 889 853 912 ea
883 875 1047 925 gravida
1077 879 1137 912 est
1167 873 1322 913 bonis“.
1383 875 1570 914 Goetzius
1601 879 1688 915 Act.

202 945 306 995 Lips.
337 944 390 981 VI
420 958 457 994 p.
494 945 570 981 301
603 943 684 980 haec
726 943 773 980 ab
805 944 961 992 ingenio
992 945 1154 993 virginis
1186 944 1314 981 aliena
1352 948 1486 995 putat,
1534 946 1572 982 in
1613 959 1713 1010 quo·

201 1013 353 1063 egregie
391 1012 554 1049 fallitur.
630 1011 727 1049 Nam
776 1012 843 1048 illa
889 1012 1045 1061 quidem
1085 1026 1132 1049 ne
1178 1026 1250 1062 pro
1296 1014 1489 1064 mancipio
1536 1018 1688 1057 veneat,

201 1094 442 1130 summopere
472 1081 633 1127 nititur,
678 1080 744 1117 ubi
788 1080 859 1117 hoc
899 1080 1089 1130 impedire
1128 1094 1205 1118 non
1235 1082 1386 1130 potuit,
1432 1082 1691 1120 libentissime

200 1151 372 1188 lenonem
419 1151 458 1186 iu
503 1148 679 1186 fraudem
729 1149 898 1191 inducit,
944 1162 978 1185 v.
1014 1150 1112 1195 604,
1162 1150 1239 1186 607
1272 1153 1434 1199 totaque
1465 1151 1534 1187 illa
1564 1164 1689 1188 scena.

202 1238 249 1245 --
293 1219 384 1256 674.
423 1226 646 1265 pror-Sum,
687 1217 852 1261 directa,
894 1230 929 1254 V.
969 1217 1015 1253 ad
1049 1218 1131 1255 Mil.
1170 1219 1286 1256 1186.
1332 1238 1383 1242 -
1434 1220 1525 1256 676.
1564 1216 1692 1265 „Illae

200 1287 248 1325 ed
293 1300 352 1336 pr.
385 1290 423 1323 et
462 1290 507 1323 ut
546 1286 706 1322 videtur
743 1283 814 1321 Af
852 1285 896 1322 R.
939 1304 986 1310 —
1034 1282 1152 1334 Quod
1187 1287 1234 1323 A.
1296 1286 1351 1324 Cf.
1394 1287 1478 1325 Mil.
1513 1288 1591 1325 906
1631 1301 1688 1337 sq.

201 1375 253 1382 —
285 1356 378 1393 677.
401 1351 630 1403 protinam,
664 1354 764 1390 idem
797 1354 900 1403 quod
937 1352 1165 1404 „prorsum“
1195 1367 1229 1392 v.
1259 1355 1351 1392 674.
1387 1374 1437 1380 -—
1463 1353 1691 1404 permittas

201 1454 210 1462 .
229 1454 237 1461 .
258 1455 264 1461 .
284 1423 322 1462 te
345 1423 477 1469 codd.‚
510 1423 558 1460 cf.
577 1422 672 1460 Caes.
698 1422 742 1459 B.
770 1421 815 1459 G.
843 1421 947 1469 VIII,
974 1424 1060 1460 48.:
1097 1436 1385 1473 „conversoque
1411 1437 1510 1473 equo
1533 1437 1575 1461 se
1598 1438 1688 1474 per-

199 1493 321 1530 mittit
349 1493 388 1529 in
418 1488 688 1542 praefectum“.
750 1490 901 1528 Sisenn.
929 1491 1035 1540 apud
1059 1491 1158 1528 Non.
1187 1505 1225 1542 p.
1255 1493 1345 1529 162.
1406 1492 1535 1542 Vulgo
1561 1492 1692 1530 editur

204 1558 469 1610 „permutes“‚
508 1559 611 1609 quod
643 1559 738 1596 nihil
769 1563 848 1607 est3
895 1559 939 1596 R.
977 1558 1215 1610 „perbitas“‚
1249 1559 1356 1609 quod
1385 1560 1577 1610 pereundi
1609 1561 1687 1598 vim

198 1627 326 1675 habet,
359 1641 394 1664 v.
415 1628 464 1665 ad
481 1627 593 1665 Cure.
616 1629 707 1665 141.
740 1647 793 1652 -
826 1629 919 1666 678.
957 1624 1078 1676 Quod
1109 1629 1145 1666 te
1176 1625 1348 1677 cli-(mum
1382 1629 1452 1676 est,
1486 1630 1510 1665 i.
1530 1643 1562 1667 e.
1582 1630 1687 1680 quod

199 1700 238 1734 te
267 1697 389 1743 decet,
422 1697 527 1746 quod
557 1700 627 1734 tuo
659 1697 815 1746 ingenio
848 1698 1047 1745 convenit;
1079 1697 1126 1735 cf.
1158 1697 1205 1734 ad
1239 1697 1380 1748 Amph.
1419 1699 1507 1735 182.

311 1766 402 1803 680.
434 1764 610 1804 Titulum
641 1767 812 1803 servavit
842 1765 884 1802 B.
911 1785 965 1790 —
993 1761 1154 1804 Probae
1177 1767 1222 1804 A.
1256 1787 1310 1792 —
1343 1767 1436 1804 681.
1472 1764 1580 1814 „est“
1609 1767 1686 1805 del.

200 1833 312 1872 Both.
380 1832 540 1872 Duobus
581 1835 748 1871 nummis
786 1835 914 1871 minus
955 1848 1070 1884 quam
1111 1836 1317 1885 sexaginta
1358 1836 1480 1872 minas
1526 1837 1560 1873 ei
1607 1835 1685 1882 dat,

200 1903 246 1940 cf.
277 1902 354 1940 Cic.
386 1902 476 1940 Nat.
508 1903 616 1941 deor.
647 1902 705 1949 ΙΙ,
747 1904 816 1948 20,
861 1904 933 1941 53:
983 1903 1060 1951 „IV
1098 1908 1137 1940 et
1167 1903 1242 1940 XX
1279 1904 1477 1941 mensibus
1507 1917 1597 1950 sex,
1644 1907 1688 1941 ut

178 1971 348 2021 opinor,
387 1971 523 2009 diebus
552 1973 680 2010 minus
712 1971 879 2008 eundem
911 1971 1057 2008 lustrat
1087 1970 1259 2010 orbem“.
1323 1971 1436 2010 Ovid.
1468 1972 1565 2010 Met.
1597 1971 1686 2018 XII,

202 2040 298 2078 554:
348 2039 439 2087 „Bis
471 2053 539 2078 sex
569 2040 774 2077 Herculeis
805 2040 1050 2087 ceciderunt,
1094 2053 1153 2077 me
1185 2041 1312 2078 minus
1343 2041 1448 2087 unos
1482 2038 1685 2078 Viribus“.

198 2106 325 2146 Plaut.
355 2108 460 2146 Men.
493 2109 592 2147 933:
646 2096 858 2158 ..quat-tuor
895 2108 1017 2146 nihilo
1059 2106 1228 2146 minus“.
1267 2129 1323 2134 —
1370 2105 1481 2158 Quid
1517 2104 1687 2146 sciunt?

199 2176 290 2226 quid
321 2174 484 2215 dicunt?
515 2178 610 2228 quid
641 2177 848 2227 signifieat.
876 2177 981 2227 quod
1013 2176 1090 2215 duo
1121 2178 1267 2215 nummi
1301 2174 1604 2216 desiderantur?
1631 2198 1686 2203 —

201 2245 292 2283 682.
332 2244 426 2283 Post
455 2256 586 2284 emere
616 2246 748 2283 hiatur
779 2247 817 2282 in
850 2259 1014 2292 caesura3
1054 2245 1168 2282 Both.
1202 2245 1247 2283 R.
1284 2243 1393 2293 „uti‘.‘
1428 2247 1683 2297 scripserunt.

199 2331 253 2338 —
278 2314 370 2351 684.
404 2311 635 2353 crumillam
666 2328 712 2352 ex
739 2316 771 2351 A
797 2314 942 2351 Ritsch.
967 2333 1022 2338 —
1048 2315 1140 2352 685.
1175 2309 1287 2361 Sine,
1321 2314 1368 2352 cf.
1387 2314 1436 2351 ad
1460 2314 1598 2352 Bacch.
1619 2316 1684 2353 97.

198 2400 253 2407 —
284 2383 362 2420 686
395 2382 509 2420 affert
538 2382 687 2421 Nonius
719 2396 756 2432 p.
791 2383 893 2420 468:
940 2378 1182 2430 „auspicaui
1211 2395 1284 2432 pro
1316 2384 1542 2432 auspicatus
1574 2380 1682 2421 sum“

198 2449 344 2488 addens
383 2450 504 2489 Stich.
539 2452 618 2489 504
651 2451 699 2488 al.
761 2450 861 2488 Rud.
895 2451 995 2488 707:
1044 2450 1155 2496 „Non
1194 2450 1311 2488 hodie
1350 2452 1416 2488 isti
1456 2453 1514 2489 rei
1552 2453 1683 2502 auspi-

199 2516 331 2564 caui“;
362 2519 466 2557 unde
495 2519 557 2556 hic
589 2532 742 2569 quoque
774 2515 886 2556 lucro
917 2512 1114 2564 faciundo
1145 2532 1217 2569 pro
1242 2519 1376 2557 dativo
1402 2520 1684 2570 accipiendum.

200 2584 334 2637 Coepi,
364 2589 515 2638 inquit,
557 2588 708 2626 lucrum
741 2587 887 2634 facere,
931 2591 970 2624 et
999 2587 1055 2624 sic
1085 2599 1244 2636 pergam
1276 2588 1315 2625 in
1347 2587 1450 2626 hunc
1481 2588 1596 2625 diem.
1631 2609 1683 2613 —

201 2653 279 2692 688
309 2668 365 2705 sq.
397 2656 615 2694 Verborum
645 2655 820 2693 ordinem
852 2654 1055 2692 turbatum
1085 2657 1264 2694 restituit
1289 2655 1560 2703 Camerarius;
1592 2669 1682 2693 con-

200 2723 371 2761 sentiunt
407 2724 601 2774 principia
638 2737 819 2762 versuum
859 2725 895 2760 in
927 2724 973 2761 A.
1021 2743 1074 2748 —
1118 2721 1244 2763 Hunc
1273 2721 1319 2762 in
1350 2720 1519 2770 collum,
1567 2739 1601 2762 v.
1635 2724 1684 2761 ad

200 2788 339 2840 Amph.
364 2792 458 2830 441.
505 2793 549 2830 R.
586 2790 724 2841 „huc“.
771 2792 826 2830 Cf.
853 2805 972 2842 supra
998 2793 1091 2830 311.
1123 2813 1175 2818 —
1209 2795 1302 2831 689.
1343 2789 1450 2832 Uero
1481 2805 1682 2830 assensum

301 2863 337 2891 V.
1370 2868 1414 2902 29
