<?xml version="1.0" encoding="UTF-8"?>
<!DOCTYPE html PUBLIC "-//W3C//DTD XHTML 1.0 Transitional//EN"
    "http://www.w3.org/TR/xhtml1/DTD/xhtml1-transitional.dtd">
<html xmlns="http://www.w3.org/1999/xhtml" xml:lang="en" lang="en">
 <head>
  <title>
</title>
<meta http-equiv="Content-Type" content="text/html;charset=utf-8" />
  <meta name='ocr-system' content='tesseract 3.04.00' />
  <meta name='ocr-capabilities' content='ocr_page ocr_carea ocr_par ocr_line ocrx_word'/>
</head>
<body>
  <div class='ocr_page' id='page_1' title='image "./comoediaerecensu05plauuoft_0476.png"; bbox 0 0 2009 3218; ppageno 0'>
   <div class='ocr_carea' id='block_1_1' title="bbox 358 231 1174 276">
    <p class='ocr_par' dir='ltr' id='par_1_1' title="bbox 358 231 1174 276">
     <span class='ocr_line' id='line_1_1' title="bbox 358 231 1174 276; baseline -0.012 -1"><span class='ocrx_word' id='word_1_1' title='bbox 358 237 439 276; x_wconf 74' lang='lat'>470</span> <span class='ocrx_word' id='word_1_2' title='bbox 1015 231 1174 266; x_wconf 83' lang='lat' dir='ltr'>Rudens.</span> 
     </span>
    </p>
   </div>
   <div class='ocr_carea' id='block_1_2' title="bbox 357 359 1846 1501">
    <p class='ocr_par' dir='ltr' id='par_1_2' title="bbox 357 359 1846 1501">
     <span class='ocr_line' id='line_1_2' title="bbox 473 359 1838 410; baseline -0.002 -11"><span class='ocrx_word' id='word_1_3' title='bbox 473 362 563 399; x_wconf 87' lang='lat'>183.</span> <span class='ocrx_word' id='word_1_4' title='bbox 596 361 782 399; x_wconf 71' lang='lat' dir='ltr'>Palaestra</span> <span class='ocrx_word' id='word_1_5' title='bbox 814 362 989 398; x_wconf 80' lang='lat' dir='ltr'>miserias</span> <span class='ocrx_word' id='word_1_6' title='bbox 1019 374 1108 398; x_wconf 82' lang='lat' dir='ltr'>suas</span> <span class='ocrx_word' id='word_1_7' title='bbox 1139 361 1289 397; x_wconf 85' lang='lat' dir='ltr'>cantico</span> <span class='ocrx_word' id='word_1_8' title='bbox 1321 362 1512 410; x_wconf 81' lang='lat' dir='ltr'>queritur,</span> <span class='ocrx_word' id='word_1_9' title='bbox 1552 361 1591 397; x_wconf 86' lang='lat' dir='ltr'>in</span> <span class='ocrx_word' id='word_1_10' title='bbox 1629 373 1705 409; x_wconf 92' lang='lat' dir='ltr'>quo</span> <span class='ocrx_word' id='word_1_11' title='bbox 1736 359 1838 397; x_wconf 87' lang='lat' dir='ltr'>ordi·-</span> 
     </span>
     <span class='ocr_line' id='line_1_3' title="bbox 358 428 1838 478; baseline -0.003 -11"><span class='ocrx_word' id='word_1_12' title='bbox 358 429 506 475; x_wconf 80' lang='lat' dir='ltr'>nando,</span> <span class='ocrx_word' id='word_1_13' title='bbox 549 442 666 478; x_wconf 89' lang='lat' dir='ltr'>quum</span> <span class='ocrx_word' id='word_1_14' title='bbox 706 430 745 465; x_wconf 92' lang='lat' dir='ltr'>in</span> <span class='ocrx_word' id='word_1_15' title='bbox 783 428 811 466; x_wconf 85' lang='lat' dir='ltr'>C</span> <span class='ocrx_word' id='word_1_16' title='bbox 849 442 983 466; x_wconf 88' lang='lat' dir='ltr'>versus</span> <span class='ocrx_word' id='word_1_17' title='bbox 1024 440 1100 466; x_wconf 87' lang='lat' dir='ltr'>non</span> <span class='ocrx_word' id='word_1_18' title='bbox 1140 428 1453 476; x_wconf 74' lang='lat' dir='ltr'>distinguantur,</span> <span class='ocrx_word' id='word_1_19' title='bbox 1495 429 1549 467; x_wconf 75' lang='lat' dir='ltr'>ab</span> <span class='ocrx_word' id='word_1_20' title='bbox 1582 442 1626 466; x_wconf 78' lang='lat' dir='ltr'>ea</span> <span class='ocrx_word' id='word_1_21' title='bbox 1657 440 1838 466; x_wconf 89' lang='lat' dir='ltr'>versuum</span> 
     </span>
     <span class='ocr_line' id='line_1_4' title="bbox 358 495 1837 548; baseline -0.003 -12"><span class='ocrx_word' id='word_1_22' title='bbox 358 499 634 548; x_wconf 72' lang='lat' dir='ltr'>discriptione,</span> <span class='ocrx_word' id='word_1_23' title='bbox 675 509 760 546; x_wconf 85' lang='lat' dir='ltr'>quae</span> <span class='ocrx_word' id='word_1_24' title='bbox 791 498 830 533; x_wconf 87' lang='lat' dir='ltr'>iu</span> <span class='ocrx_word' id='word_1_25' title='bbox 860 496 891 533; x_wconf 93' lang='lat' dir='ltr'>B</span> <span class='ocrx_word' id='word_1_26' title='bbox 922 499 1000 544; x_wconf 88' lang='lat' dir='ltr'>est,</span> <span class='ocrx_word' id='word_1_27' title='bbox 1049 501 1211 545; x_wconf 85' lang='lat' dir='ltr'>excepto</span> <span class='ocrx_word' id='word_1_28' title='bbox 1242 509 1277 534; x_wconf 91' lang='lat' dir='ltr'>v.</span> <span class='ocrx_word' id='word_1_29' title='bbox 1311 497 1411 542; x_wconf 92' lang='lat'>204,</span> <span class='ocrx_word' id='word_1_30' title='bbox 1458 509 1648 546; x_wconf 79' lang='lat' dir='ltr'>nusquam</span> <span class='ocrx_word' id='word_1_31' title='bbox 1687 495 1837 533; x_wconf 85' lang='lat' dir='ltr'>absces-</span> 
     </span>
     <span class='ocr_line' id='line_1_5' title="bbox 358 561 1839 615; baseline -0.003 -11"><span class='ocrx_word' id='word_1_32' title='bbox 358 569 497 613; x_wconf 88' lang='lat' dir='ltr'>simus;</span> <span class='ocrx_word' id='word_1_33' title='bbox 544 568 716 602; x_wconf 84' lang='lat' dir='ltr'>ceterum</span> <span class='ocrx_word' id='word_1_34' title='bbox 748 577 927 614; x_wconf 86' lang='lat' dir='ltr'>magnam</span> <span class='ocrx_word' id='word_1_35' title='bbox 957 568 1110 615; x_wconf 87' lang='lat' dir='ltr'>partem</span> <span class='ocrx_word' id='word_1_36' title='bbox 1141 564 1390 613; x_wconf 87' lang='lat' dir='ltr'>Spengelium</span> <span class='ocrx_word' id='word_1_37' title='bbox 1421 565 1545 601; x_wconf 86' lang='lat' dir='ltr'>secuti</span> <span class='ocrx_word' id='word_1_38' title='bbox 1576 561 1724 611; x_wconf 81' lang='lat' dir='ltr'>sumus,</span> <span class='ocrx_word' id='word_1_39' title='bbox 1763 562 1839 600; x_wconf 83' lang='lat' dir='ltr'>Re-</span> 
     </span>
     <span class='ocr_line' id='line_1_6' title="bbox 358 631 1841 683; baseline -0.002 -12"><span class='ocrx_word' id='word_1_40' title='bbox 358 633 692 681; x_wconf 68' lang='lat' dir='ltr'>formvorschlage</span> <span class='ocrx_word' id='word_1_41' title='bbox 722 646 760 683; x_wconf 89' lang='lat' dir='ltr'>p.</span> <span class='ocrx_word' id='word_1_42' title='bbox 793 633 887 671; x_wconf 91' lang='lat'>408.</span> <span class='ocrx_word' id='word_1_43' title='bbox 961 632 1106 681; x_wconf 76' lang='lat' dir='ltr'>Incipit</span> <span class='ocrx_word' id='word_1_44' title='bbox 1137 631 1184 669; x_wconf 83' lang='lat' dir='ltr'>ab</span> <span class='ocrx_word' id='word_1_45' title='bbox 1218 633 1445 681; x_wconf 74' lang='lat' dir='ltr'>anapaestis,</span> <span class='ocrx_word' id='word_1_46' title='bbox 1482 633 1578 679; x_wconf 85' lang='lat'>183,</span> <span class='ocrx_word' id='word_1_47' title='bbox 1614 632 1714 677; x_wconf 86' lang='lat'>185,</span> <span class='ocrx_word' id='word_1_48' title='bbox 1750 631 1841 678; x_wconf 94' lang='lat'>187,</span> 
     </span>
     <span class='ocr_line' id='line_1_7' title="bbox 362 699 1842 748; baseline -0.003 -9"><span class='ocrx_word' id='word_1_49' title='bbox 362 703 439 739; x_wconf 91' lang='lat'>188</span> <span class='ocrx_word' id='word_1_50' title='bbox 466 702 635 738; x_wconf 76' lang='lat' dir='ltr'>trimetri</span> <span class='ocrx_word' id='word_1_51' title='bbox 661 703 771 748; x_wconf 89' lang='lat' dir='ltr'>sunt;</span> <span class='ocrx_word' id='word_1_52' title='bbox 809 702 884 738; x_wconf 89' lang='lat'>184</span> <span class='ocrx_word' id='word_1_53' title='bbox 903 704 942 739; x_wconf 86' lang='lat' dir='ltr'>et</span> <span class='ocrx_word' id='word_1_54' title='bbox 959 702 1125 738; x_wconf 84' lang='lat' dir='ltr'>fortasse</span> <span class='ocrx_word' id='word_1_55' title='bbox 1148 701 1223 737; x_wconf 83' lang='lat'>186</span> <span class='ocrx_word' id='word_1_56' title='bbox 1241 700 1381 736; x_wconf 78' lang='lat' dir='ltr'>lacuna</span> <span class='ocrx_word' id='word_1_57' title='bbox 1405 699 1596 737; x_wconf 79' lang='lat' dir='ltr'>laborant.</span> <span class='ocrx_word' id='word_1_58' title='bbox 1650 699 1842 736; x_wconf 88' lang='lat'>189—92</span> 
     </span>
     <span class='ocr_line' id='line_1_8' title="bbox 357 767 1842 816; baseline -0.003 -8"><span class='ocrx_word' id='word_1_59' title='bbox 357 769 555 808; x_wconf 82' lang='lat' dir='ltr'>bacchiaci</span> <span class='ocrx_word' id='word_1_60' title='bbox 600 770 835 806; x_wconf 82' lang='lat' dir='ltr'>tetrametri.</span> <span class='ocrx_word' id='word_1_61' title='bbox 925 769 1114 806; x_wconf 81' lang='lat'>193—94</span> <span class='ocrx_word' id='word_1_62' title='bbox 1160 772 1329 816; x_wconf 78' lang='lat' dir='ltr'>systema</span> <span class='ocrx_word' id='word_1_63' title='bbox 1361 782 1382 804; x_wconf 86' lang='lat' dir='ltr'>a</span> <span class='ocrx_word' id='word_1_64' title='bbox 1412 767 1582 805; x_wconf 85' lang='lat' dir='ltr'>bacchiis</span> <span class='ocrx_word' id='word_1_65' title='bbox 1611 769 1650 805; x_wconf 88' lang='lat' dir='ltr'>in</span> <span class='ocrx_word' id='word_1_66' title='bbox 1680 767 1842 814; x_wconf 85' lang='lat' dir='ltr'>iambos,</span> 
     </span>
     <span class='ocr_line' id='line_1_9' title="bbox 359 832 1844 886; baseline -0.002 -12"><span class='ocrx_word' id='word_1_67' title='bbox 359 838 504 875; x_wconf 86' lang='lat' dir='ltr'>abiens.</span> <span class='ocrx_word' id='word_1_68' title='bbox 549 838 624 874; x_wconf 82' lang='lat'>195</span> <span class='ocrx_word' id='word_1_69' title='bbox 643 832 943 886; x_wconf 58' lang='lat' dir='ltr'>bacchiacusff).</span> <span class='ocrx_word' id='word_1_70' title='bbox 988 837 1062 874; x_wconf 84' lang='grc'>196</span> <span class='ocrx_word' id='word_1_71' title='bbox 1085 837 1353 884; x_wconf 73' lang='lat' dir='ltr'>anapaesticus.</span> <span class='ocrx_word' id='word_1_72' title='bbox 1390 836 1465 873; x_wconf 91' lang='lat'>197</span> <span class='ocrx_word' id='word_1_73' title='bbox 1483 837 1667 874; x_wconf 86' lang='lat' dir='ltr'>incertus.</span> <span class='ocrx_word' id='word_1_74' title='bbox 1704 836 1780 873; x_wconf 90' lang='lat'>198</span> <span class='ocrx_word' id='word_1_75' title='bbox 1805 837 1844 871; x_wconf 86' lang='lat' dir='ltr'>et</span> 
     </span>
     <span class='ocr_line' id='line_1_10' title="bbox 363 903 1843 955; baseline -0.004 -11"><span class='ocrx_word' id='word_1_76' title='bbox 363 907 439 944; x_wconf 90' lang='lat'>199</span> <span class='ocrx_word' id='word_1_77' title='bbox 466 906 669 955; x_wconf 85' lang='lat' dir='ltr'>compositi</span> <span class='ocrx_word' id='word_1_78' title='bbox 701 919 748 942; x_wconf 87' lang='lat' dir='ltr'>ex</span> <span class='ocrx_word' id='word_1_79' title='bbox 779 905 931 944; x_wconf 80' lang='lat' dir='ltr'>duobus</span> <span class='ocrx_word' id='word_1_80' title='bbox 956 905 1107 942; x_wconf 80' lang='lat' dir='ltr'>creticis</span> <span class='ocrx_word' id='word_1_81' title='bbox 1132 908 1170 940; x_wconf 91' lang='lat' dir='ltr'>et</span> <span class='ocrx_word' id='word_1_82' title='bbox 1195 904 1363 941; x_wconf 89' lang='lat' dir='ltr'>dimetro</span> <span class='ocrx_word' id='word_1_83' title='bbox 1387 904 1585 941; x_wconf 80' lang='lat' dir='ltr'>trochaico</span> <span class='ocrx_word' id='word_1_84' title='bbox 1617 903 1843 941; x_wconf 80' lang='lat' dir='ltr'>catalectico</span> 
     </span>
     <span class='ocr_line' id='line_1_11' title="bbox 359 969 1840 1024; baseline -0.005 -11"><span class='ocrx_word' id='word_1_85' title='bbox 359 969 374 1024; x_wconf 91' lang='lat'>(</span> <span class='ocrx_word' id='word_1_86' title='bbox 375 990 826 1002; x_wconf 50' lang='grc' dir='ltr'>ννννννννν</span> <span class='ocrx_word' id='word_1_87' title='bbox 828 971 857 1023; x_wconf 88' lang='grc'>).</span> <span class='ocrx_word' id='word_1_88' title='bbox 921 974 999 1010; x_wconf 90' lang='grc'>200</span> <span class='ocrx_word' id='word_1_89' title='bbox 1033 973 1198 1010; x_wconf 86' lang='lat' dir='ltr'>creticus</span> <span class='ocrx_word' id='word_1_90' title='bbox 1221 975 1463 1010; x_wconf 79' lang='lat' dir='ltr'>tetrameter.</span> <span class='ocrx_word' id='word_1_91' title='bbox 1498 970 1603 1009; x_wconf 65' lang='lat'>‘201</span> <span class='ocrx_word' id='word_1_92' title='bbox 1632 975 1724 1009; x_wconf 88' lang='lat' dir='ltr'>cret.</span> <span class='ocrx_word' id='word_1_93' title='bbox 1749 973 1840 1008; x_wconf 88' lang='lat' dir='ltr'>tetr.</span> 
     </span>
     <span class='ocr_line' id='line_1_12' title="bbox 360 1038 1842 1088; baseline -0.004 -8"><span class='ocrx_word' id='word_1_94' title='bbox 360 1043 622 1080; x_wconf 65' lang='lat' dir='ltr'>catalecticus</span> <span class='ocrx_word' id='word_1_95' title='bbox 699 1043 777 1080; x_wconf 91' lang='grc'>202</span> <span class='ocrx_word' id='word_1_96' title='bbox 823 1041 1054 1079; x_wconf 81' lang='lat' dir='ltr'>bacchiacus</span> <span class='ocrx_word' id='word_1_97' title='bbox 1098 1043 1343 1077; x_wconf 84' lang='lat' dir='ltr'>tetrameter.</span> <span class='ocrx_word' id='word_1_98' title='bbox 1420 1040 1632 1078; x_wconf 67' lang='lat' dir='ltr'>203‘duae</span> <span class='ocrx_word' id='word_1_99' title='bbox 1673 1038 1842 1088; x_wconf 83' lang='lat' dir='ltr'>dipodiae</span> 
     </span>
     <span class='ocr_line' id='line_1_13' title="bbox 359 1108 1845 1148; baseline -0.003 0"><span class='ocrx_word' id='word_1_100' title='bbox 359 1111 568 1148; x_wconf 84' lang='lat' dir='ltr'>trochaicae</span> <span class='ocrx_word' id='word_1_101' title='bbox 607 1110 860 1148; x_wconf 88' lang='lat' dir='ltr'>catalecticae.</span> <span class='ocrx_word' id='word_1_102' title='bbox 931 1110 1010 1146; x_wconf 88' lang='grc'>204</span> <span class='ocrx_word' id='word_1_103' title='bbox 1052 1108 1240 1146; x_wconf 85' lang='lat' dir='ltr'>iambicus</span> <span class='ocrx_word' id='word_1_104' title='bbox 1279 1110 1516 1146; x_wconf 88' lang='lat' dir='ltr'>octonarius.</span> <span class='ocrx_word' id='word_1_105' title='bbox 1587 1108 1750 1146; x_wconf 84' lang='lat'>205—6</span> <span class='ocrx_word' id='word_1_106' title='bbox 1789 1110 1845 1144; x_wconf 87' lang='lat' dir='ltr'>te-</span> 
     </span>
     <span class='ocr_line' id='line_1_14' title="bbox 359 1177 1846 1217; baseline -0.003 -1"><span class='ocrx_word' id='word_1_107' title='bbox 359 1180 539 1217; x_wconf 85' lang='lat' dir='ltr'>trametri</span> <span class='ocrx_word' id='word_1_108' title='bbox 579 1179 722 1216; x_wconf 85' lang='lat' dir='ltr'>cretici.</span> <span class='ocrx_word' id='word_1_109' title='bbox 807 1177 886 1215; x_wconf 88' lang='lat'>207</span> <span class='ocrx_word' id='word_1_110' title='bbox 940 1177 1186 1214; x_wconf 82' lang='lat' dir='ltr'>catalecticus</span> <span class='ocrx_word' id='word_1_111' title='bbox 1233 1181 1277 1213; x_wconf 91' lang='lat' dir='ltr'>ut</span> <span class='ocrx_word' id='word_1_112' title='bbox 1324 1178 1416 1214; x_wconf 92' lang='lat'>201.</span> <span class='ocrx_word' id='word_1_113' title='bbox 1494 1177 1572 1214; x_wconf 87' lang='lat'>208</span> <span class='ocrx_word' id='word_1_114' title='bbox 1618 1177 1846 1213; x_wconf 84' lang='lat' dir='ltr'>tetrameter</span> 
     </span>
     <span class='ocr_line' id='line_1_15' title="bbox 362 1243 1844 1295; baseline -0.005 -10"><span class='ocrx_word' id='word_1_115' title='bbox 362 1249 541 1286; x_wconf 88' lang='lat' dir='ltr'>creticus.</span> <span class='ocrx_word' id='word_1_116' title='bbox 617 1247 695 1284; x_wconf 87' lang='grc'>209</span> <span class='ocrx_word' id='word_1_117' title='bbox 743 1245 828 1283; x_wconf 88' lang='lat' dir='ltr'>duae</span> <span class='ocrx_word' id='word_1_118' title='bbox 860 1245 1030 1295; x_wconf 84' lang='lat' dir='ltr'>dipodiae</span> <span class='ocrx_word' id='word_1_119' title='bbox 1064 1245 1269 1282; x_wconf 88' lang='lat' dir='ltr'>trochaicae</span> <span class='ocrx_word' id='word_1_120' title='bbox 1307 1245 1557 1282; x_wconf 88' lang='lat' dir='ltr'>catalecticae.</span> <span class='ocrx_word' id='word_1_121' title='bbox 1634 1243 1713 1281; x_wconf 87' lang='lat'>210</span> <span class='ocrx_word' id='word_1_122' title='bbox 1750 1246 1844 1280; x_wconf 90' lang='lat' dir='ltr'>tetr.</span> 
     </span>
     <span class='ocr_line' id='line_1_16' title="bbox 362 1312 1844 1354; baseline -0.003 -1"><span class='ocrx_word' id='word_1_123' title='bbox 362 1319 455 1354; x_wconf 90' lang='lat' dir='ltr'>cret.</span> <span class='ocrx_word' id='word_1_124' title='bbox 484 1319 555 1352; x_wconf 89' lang='lat' dir='ltr'>cat.</span> <span class='ocrx_word' id='word_1_125' title='bbox 580 1318 624 1352; x_wconf 90' lang='lat' dir='ltr'>ut</span> <span class='ocrx_word' id='word_1_126' title='bbox 649 1315 721 1352; x_wconf 88' lang='lat'>201</span> <span class='ocrx_word' id='word_1_127' title='bbox 761 1317 799 1351; x_wconf 87' lang='lat' dir='ltr'>et</span> <span class='ocrx_word' id='word_1_128' title='bbox 825 1314 915 1351; x_wconf 88' lang='lat'>207.</span> <span class='ocrx_word' id='word_1_129' title='bbox 972 1314 1163 1351; x_wconf 84' lang='grc'>211--13</span> <span class='ocrx_word' id='word_1_130' title='bbox 1197 1314 1331 1350; x_wconf 81' lang='lat' dir='ltr'>cretici</span> <span class='ocrx_word' id='word_1_131' title='bbox 1354 1315 1590 1350; x_wconf 80' lang='lat' dir='ltr'>tetrametri.</span> <span class='ocrx_word' id='word_1_132' title='bbox 1649 1312 1727 1349; x_wconf 87' lang='grc'>214</span> <span class='ocrx_word' id='word_1_133' title='bbox 1753 1314 1844 1348; x_wconf 86' lang='lat' dir='ltr'>tetr.</span> 
     </span>
     <span class='ocr_line' id='line_1_17' title="bbox 362 1381 1846 1422; baseline -0.003 -1"><span class='ocrx_word' id='word_1_134' title='bbox 362 1387 455 1422; x_wconf 89' lang='lat' dir='ltr'>cret.</span> <span class='ocrx_word' id='word_1_135' title='bbox 485 1386 558 1421; x_wconf 73' lang='lat' dir='ltr'>cat.</span> <span class='ocrx_word' id='word_1_136' title='bbox 584 1387 629 1420; x_wconf 90' lang='lat' dir='ltr'>ut</span> <span class='ocrx_word' id='word_1_137' title='bbox 653 1384 746 1420; x_wconf 83' lang='lat'>201.</span> <span class='ocrx_word' id='word_1_138' title='bbox 804 1383 881 1420; x_wconf 82' lang='lat'>215</span> <span class='ocrx_word' id='word_1_139' title='bbox 916 1382 1081 1419; x_wconf 85' lang='lat' dir='ltr'>dimeter</span> <span class='ocrx_word' id='word_1_140' title='bbox 1104 1382 1324 1419; x_wconf 86' lang='lat' dir='ltr'>trochaicus</span> <span class='ocrx_word' id='word_1_141' title='bbox 1351 1381 1613 1418; x_wconf 73' lang='lat' dir='ltr'>catalecticus.</span> <span class='ocrx_word' id='word_1_142' title='bbox 1661 1381 1740 1417; x_wconf 81' lang='grc'>216</span> <span class='ocrx_word' id='word_1_143' title='bbox 1767 1383 1846 1416; x_wconf 81' lang='lat' dir='ltr'>tro-</span> 
     </span>
     <span class='ocr_line' id='line_1_18' title="bbox 362 1450 1455 1501; baseline -0.001 -12"><span class='ocrx_word' id='word_1_144' title='bbox 362 1452 516 1489; x_wconf 86' lang='lat' dir='ltr'>chaicus</span> <span class='ocrx_word' id='word_1_145' title='bbox 547 1451 804 1501; x_wconf 82' lang='lat' dir='ltr'>septenarius.</span> <span class='ocrx_word' id='word_1_146' title='bbox 868 1451 946 1487; x_wconf 92' lang='grc'>218</span> <span class='ocrx_word' id='word_1_147' title='bbox 980 1450 1168 1488; x_wconf 82' lang='lat' dir='ltr'>iambicus</span> <span class='ocrx_word' id='word_1_148' title='bbox 1199 1450 1455 1500; x_wconf 80' lang='lat' dir='ltr'>septenarius.</span> 
     </span>
    </p>
   </div>
   <div class='ocr_carea' id='block_1_3' title="bbox 479 1511 1846 1565">
    <p class='ocr_par' dir='ltr' id='par_1_3' title="bbox 479 1494 1966 1565">
     <span class='ocr_line' id='line_1_19' title="bbox 479 1511 1846 1565; baseline -0.002 -9"><span class='ocrx_word' id='word_1_149' title='bbox 479 1520 568 1557; x_wconf 87' lang='lat'>183.</span> <span class='ocrx_word' id='word_1_150' title='bbox 617 1514 785 1564; x_wconf 73' lang='lat' dir='ltr'>Nimio,</span> <span class='ocrx_word' id='word_1_151' title='bbox 832 1519 856 1556; x_wconf 91' lang='lat' dir='ltr'>i.</span> <span class='ocrx_word' id='word_1_152' title='bbox 887 1532 918 1554; x_wconf 89' lang='lat' dir='ltr'>e.</span> <span class='ocrx_word' id='word_1_153' title='bbox 954 1518 1094 1565; x_wconf 85' lang='lat' dir='ltr'>multo,</span> <span class='ocrx_word' id='word_1_154' title='bbox 1142 1517 1188 1554; x_wconf 90' lang='lat' dir='ltr'>cf.</span> <span class='ocrx_word' id='word_1_155' title='bbox 1222 1517 1271 1555; x_wconf 85' lang='lat' dir='ltr'>ad</span> <span class='ocrx_word' id='word_1_156' title='bbox 1303 1518 1441 1555; x_wconf 85' lang='lat' dir='ltr'>Bacch.</span> <span class='ocrx_word' id='word_1_157' title='bbox 1477 1511 1567 1555; x_wconf 90' lang='grc'>120.</span> <span class='ocrx_word' id='word_1_158' title='bbox 1635 1517 1846 1554; x_wconf 86' lang='lat' dir='ltr'>Hominum</span> 
     </span>
    </p>
   </div>
   <div class='ocr_carea' id='block_1_4' title="bbox 362 1585 1857 2589">
    <p class='ocr_par' dir='ltr' id='par_1_4' title="bbox 362 1585 1857 2589">
     <span class='ocr_line' id='line_1_20' title="bbox 362 1585 1845 1639; baseline -0.003 -14"><span class='ocrx_word' id='word_1_159' title='bbox 362 1589 542 1626; x_wconf 84' lang='lat' dir='ltr'>fortunas</span> <span class='ocrx_word' id='word_1_160' title='bbox 575 1587 648 1634; x_wconf 87' lang='lat' dir='ltr'>ait,</span> <span class='ocrx_word' id='word_1_161' title='bbox 682 1587 860 1636; x_wconf 87' lang='lat' dir='ltr'>quamvis</span> <span class='ocrx_word' id='word_1_162' title='bbox 891 1587 1042 1624; x_wconf 78' lang='lat' dir='ltr'>miserae</span> <span class='ocrx_word' id='word_1_163' title='bbox 1073 1599 1157 1623; x_wconf 89' lang='lat' dir='ltr'>esse</span> <span class='ocrx_word' id='word_1_164' title='bbox 1189 1585 1391 1634; x_wconf 86' lang='lat' dir='ltr'>dicantur,</span> <span class='ocrx_word' id='word_1_165' title='bbox 1431 1591 1561 1639; x_wconf 79' lang='lat' dir='ltr'>tamen</span> <span class='ocrx_word' id='word_1_166' title='bbox 1592 1599 1633 1622; x_wconf 88' lang='lat' dir='ltr'>re</span> <span class='ocrx_word' id='word_1_167' title='bbox 1665 1587 1750 1634; x_wconf 84' lang='lat' dir='ltr'>ipsa</span> <span class='ocrx_word' id='word_1_168' title='bbox 1780 1597 1845 1620; x_wconf 81' lang='lat' dir='ltr'>ex—</span> 
     </span>
     <span class='ocr_line' id='line_1_21' title="bbox 362 1651 1857 1706; baseline -0.003 -13"><span class='ocrx_word' id='word_1_169' title='bbox 362 1658 485 1706; x_wconf 88' lang='lat' dir='ltr'>pertis</span> <span class='ocrx_word' id='word_1_170' title='bbox 516 1655 639 1693; x_wconf 83' lang='lat' dir='ltr'>multo</span> <span class='ocrx_word' id='word_1_171' title='bbox 672 1655 891 1692; x_wconf 77' lang='lat' dir='ltr'>acerbiores</span> <span class='ocrx_word' id='word_1_172' title='bbox 922 1652 1018 1690; x_wconf 66' lang='lat' dir='ltr'>ess&#39;e.</span> <span class='ocrx_word' id='word_1_173' title='bbox 1077 1651 1254 1691; x_wconf 67' lang='lat' dir='ltr'>‘miserae</span> <span class='ocrx_word' id='word_1_174' title='bbox 1278 1654 1366 1691; x_wconf 90' lang='lat' dir='ltr'>edd.</span> <span class='ocrx_word' id='word_1_175' title='bbox 1394 1674 1442 1679; x_wconf 83' lang='lat'>-—</span> <span class='ocrx_word' id='word_1_176' title='bbox 1481 1655 1556 1691; x_wconf 85' lang='lat'>184</span> <span class='ocrx_word' id='word_1_177' title='bbox 1582 1667 1637 1703; x_wconf 87' lang='lat' dir='ltr'>sq.</span> <span class='ocrx_word' id='word_1_178' title='bbox 1669 1652 1714 1689; x_wconf 92' lang='lat' dir='ltr'>In</span> <span class='ocrx_word' id='word_1_179' title='bbox 1738 1652 1857 1702; x_wconf 82' lang='lat' dir='ltr'>prin-&#39;</span> 
     </span>
     <span class='ocr_line' id='line_1_22' title="bbox 363 1720 1847 1775; baseline -0.003 -13"><span class='ocrx_word' id='word_1_180' title='bbox 363 1725 476 1775; x_wconf 89' lang='lat' dir='ltr'>cipiis</span> <span class='ocrx_word' id='word_1_181' title='bbox 521 1724 657 1762; x_wconf 89' lang='lat' dir='ltr'>horum</span> <span class='ocrx_word' id='word_1_182' title='bbox 707 1736 885 1760; x_wconf 88' lang='lat' dir='ltr'>versuum</span> <span class='ocrx_word' id='word_1_183' title='bbox 932 1723 1080 1759; x_wconf 77' lang='lat' dir='ltr'>lacunae</span> <span class='ocrx_word' id='word_1_184' title='bbox 1125 1723 1165 1758; x_wconf 89' lang='lat' dir='ltr'>in</span> <span class='ocrx_word' id='word_1_185' title='bbox 1212 1727 1378 1771; x_wconf 89' lang='lat' dir='ltr'>utroque</span> <span class='ocrx_word' id='word_1_186' title='bbox 1424 1721 1555 1759; x_wconf 87' lang='lat' dir='ltr'>codice</span> <span class='ocrx_word' id='word_1_187' title='bbox 1609 1720 1847 1758; x_wconf 82' lang='lat' dir='ltr'>iudicantur.</span> 
     </span>
     <span class='ocr_line' id='line_1_23' title="bbox 364 1773 1848 1843; baseline -0.003 -13"><span class='ocrx_word' id='word_1_188' title='bbox 364 1792 570 1843; x_wconf 82' lang='lat' dir='ltr'>Supplevit</span> <span class='ocrx_word' id='word_1_189' title='bbox 615 1791 816 1841; x_wconf 73' lang='lat' dir='ltr'>Spengel,</span> <span class='ocrx_word' id='word_1_190' title='bbox 871 1792 937 1840; x_wconf 90' lang='lat' dir='ltr'>qui</span> <span class='ocrx_word' id='word_1_191' title='bbox 976 1794 1020 1827; x_wconf 89' lang='lat' dir='ltr'>ut</span> <span class='ocrx_word' id='word_1_192' title='bbox 1060 1791 1236 1840; x_wconf 85' lang='lat' dir='ltr'>priorem</span> <span class='ocrx_word' id='word_1_193' title='bbox 1283 1803 1438 1840; x_wconf 82' lang='lat' dir='ltr'>quoque</span> <span class='ocrx_word' id='word_1_194' title='bbox 1484 1791 1681 1838; x_wconf 86' lang='lat' dir='ltr'>integrum</span> <span class='ocrx_word' id='word_1_195' title='bbox 1727 1773 1848 1826; x_wconf 33' lang='lat' dir='ltr'>tetra·-</span> 
     </span>
     <span class='ocr_line' id='line_1_24' title="bbox 365 1858 1848 1908; baseline -0.003 -10"><span class='ocrx_word' id='word_1_196' title='bbox 365 1867 529 1898; x_wconf 85' lang='lat' dir='ltr'>metrum</span> <span class='ocrx_word' id='word_1_197' title='bbox 562 1861 719 1906; x_wconf 77' lang='lat' dir='ltr'>faceret,</span> <span class='ocrx_word' id='word_1_198' title='bbox 759 1861 812 1896; x_wconf 86' lang='lat' dir='ltr'>sic</span> <span class='ocrx_word' id='word_1_199' title='bbox 842 1859 999 1908; x_wconf 88' lang='lat' dir='ltr'>scripsit</span> <span class='ocrx_word' id='word_1_200' title='bbox 1033 1858 1181 1906; x_wconf 79' lang='lat' dir='ltr'>„Quam</span> <span class='ocrx_word' id='word_1_201' title='bbox 1213 1871 1276 1896; x_wconf 87' lang='lat' dir='ltr'>eas</span> <span class='ocrx_word' id='word_1_202' title='bbox 1308 1871 1390 1895; x_wconf 86' lang='lat' dir='ltr'>esse</span> <span class='ocrx_word' id='word_1_203' title='bbox 1422 1859 1557 1896; x_wconf 87' lang='lat' dir='ltr'>vident</span> <span class='ocrx_word' id='word_1_204' title='bbox 1588 1871 1705 1908; x_wconf 91' lang='lat' dir='ltr'>quom</span> <span class='ocrx_word' id='word_1_205' title='bbox 1735 1869 1848 1906; x_wconf 87' lang='lat' dir='ltr'>expe-</span> 
     </span>
     <span class='ocr_line' id='line_1_25' title="bbox 364 1922 1848 1975; baseline -0.003 -9"><span class='ocrx_word' id='word_1_206' title='bbox 364 1929 505 1966; x_wconf 89' lang='lat' dir='ltr'>riundo</span> <span class='ocrx_word' id='word_1_207' title='bbox 542 1929 575 1966; x_wconf 89' lang='lat' dir='ltr'>is</span> <span class='ocrx_word' id='word_1_208' title='bbox 606 1928 751 1965; x_wconf 87' lang='lat' dir='ltr'>dantur</span> <span class='ocrx_word' id='word_1_209' title='bbox 782 1925 961 1964; x_wconf 85' lang='lat' dir='ltr'>acerba“.</span> <span class='ocrx_word' id='word_1_210' title='bbox 1010 1946 1062 1952; x_wconf 85' lang='lat'>—</span> <span class='ocrx_word' id='word_1_211' title='bbox 1106 1922 1146 1964; x_wconf 74' lang='lat' dir='ltr'>is</span> <span class='ocrx_word' id='word_1_212' title='bbox 1185 1926 1323 1975; x_wconf 88' lang='lat' dir='ltr'>scripsi</span> <span class='ocrx_word' id='word_1_213' title='bbox 1355 1939 1440 1963; x_wconf 89' lang='lat' dir='ltr'>cum</span> <span class='ocrx_word' id='word_1_214' title='bbox 1472 1926 1551 1973; x_wconf 80' lang='lat' dir='ltr'>FL,</span> <span class='ocrx_word' id='word_1_215' title='bbox 1599 1939 1684 1963; x_wconf 81' lang='lat' dir='ltr'>nam</span> <span class='ocrx_word' id='word_1_216' title='bbox 1718 1938 1848 1962; x_wconf 92' lang='lat' dir='ltr'>mono-</span> 
     </span>
     <span class='ocr_line' id='line_1_26' title="bbox 363 1990 1851 2046; baseline -0.003 -11"><span class='ocrx_word' id='word_1_217' title='bbox 363 1998 554 2046; x_wconf 85' lang='lat' dir='ltr'>syllabum</span> <span class='ocrx_word' id='word_1_218' title='bbox 587 2000 658 2043; x_wconf 87' lang='lat' dir='ltr'>est,</span> <span class='ocrx_word' id='word_1_219' title='bbox 692 2010 726 2034; x_wconf 89' lang='lat' dir='ltr'>v.</span> <span class='ocrx_word' id='word_1_220' title='bbox 761 1995 810 2031; x_wconf 85' lang='lat' dir='ltr'>ad</span> <span class='ocrx_word' id='word_1_221' title='bbox 844 1996 935 2032; x_wconf 85' lang='lat'>155.</span> <span class='ocrx_word' id='word_1_222' title='bbox 971 2014 1019 2020; x_wconf 94' lang='grc'>--</span> <span class='ocrx_word' id='word_1_223' title='bbox 1058 1995 1146 2032; x_wconf 85' lang='lat'>185.</span> <span class='ocrx_word' id='word_1_224' title='bbox 1180 1990 1316 2040; x_wconf 73' lang='lat' dir='ltr'>Satin,</span> <span class='ocrx_word' id='word_1_225' title='bbox 1349 2007 1383 2031; x_wconf 85' lang='lat' dir='ltr'>v.</span> <span class='ocrx_word' id='word_1_226' title='bbox 1419 1993 1468 2030; x_wconf 87' lang='lat' dir='ltr'>ad</span> <span class='ocrx_word' id='word_1_227' title='bbox 1501 1994 1639 2045; x_wconf 87' lang='lat' dir='ltr'>Amph.</span> <span class='ocrx_word' id='word_1_228' title='bbox 1674 1994 1767 2031; x_wconf 85' lang='lat'>627.</span> <span class='ocrx_word' id='word_1_229' title='bbox 1795 2013 1851 2018; x_wconf 92' lang='grc'>-</span> 
     </span>
     <span class='ocr_line' id='line_1_27' title="bbox 369 2061 1848 2113; baseline -0.005 -10"><span class='ocrx_word' id='word_1_230' title='bbox 369 2067 457 2103; x_wconf 89' lang='grc'>186.</span> <span class='ocrx_word' id='word_1_231' title='bbox 505 2062 692 2111; x_wconf 62' lang='lat' dir='ltr'>eiectam,</span> <span class='ocrx_word' id='word_1_232' title='bbox 735 2077 785 2101; x_wconf 90' lang='lat' dir='ltr'>sc.</span> <span class='ocrx_word' id='word_1_233' title='bbox 819 2076 923 2110; x_wconf 73' lang='lat' dir='ltr'>esse,</span> <span class='ocrx_word' id='word_1_234' title='bbox 969 2063 1036 2100; x_wconf 88' lang='lat' dir='ltr'>sed</span> <span class='ocrx_word' id='word_1_235' title='bbox 1069 2064 1198 2113; x_wconf 85' lang='lat' dir='ltr'>aptius</span> <span class='ocrx_word' id='word_1_236' title='bbox 1229 2063 1358 2100; x_wconf 85' lang='lat' dir='ltr'>fuerat</span> <span class='ocrx_word' id='word_1_237' title='bbox 1387 2075 1581 2110; x_wconf 76' lang='lat' dir='ltr'>prae-sens,</span> <span class='ocrx_word' id='word_1_238' title='bbox 1630 2075 1674 2099; x_wconf 86' lang='lat' dir='ltr'>ac</span> <span class='ocrx_word' id='word_1_239' title='bbox 1705 2061 1848 2112; x_wconf 88' lang='lat' dir='ltr'>Speng.</span> 
     </span>
     <span class='ocr_line' id='line_1_28' title="bbox 366 2130 1850 2181; baseline -0.003 -10"><span class='ocrx_word' id='word_1_240' title='bbox 366 2135 448 2171; x_wconf 85' lang='lat' dir='ltr'>veri</span> <span class='ocrx_word' id='word_1_241' title='bbox 488 2133 670 2170; x_wconf 83' lang='lat' dir='ltr'>similiter</span> <span class='ocrx_word' id='word_1_242' title='bbox 710 2133 746 2168; x_wconf 90' lang='lat' dir='ltr'>in</span> <span class='ocrx_word' id='word_1_243' title='bbox 785 2132 978 2181; x_wconf 84' lang='lat' dir='ltr'>principio</span> <span class='ocrx_word' id='word_1_244' title='bbox 1019 2144 1175 2178; x_wconf 87' lang='lat' dir='ltr'>versus,</span> <span class='ocrx_word' id='word_1_245' title='bbox 1223 2143 1458 2180; x_wconf 80' lang='lat' dir='ltr'>quamquam</span> <span class='ocrx_word' id='word_1_246' title='bbox 1496 2130 1604 2167; x_wconf 86' lang='lat' dir='ltr'>nulla</span> <span class='ocrx_word' id='word_1_247' title='bbox 1641 2130 1780 2167; x_wconf 79' lang='lat' dir='ltr'>lacuna</span> <span class='ocrx_word' id='word_1_248' title='bbox 1809 2130 1850 2166; x_wconf 90' lang='lat' dir='ltr'>in</span> 
     </span>
     <span class='ocr_line' id='line_1_29' title="bbox 367 2195 1852 2248; baseline -0.003 -10"><span class='ocrx_word' id='word_1_249' title='bbox 367 2202 450 2239; x_wconf 85' lang='lat' dir='ltr'>cod.</span> <span class='ocrx_word' id='word_1_250' title='bbox 483 2201 691 2245; x_wconf 73' lang='lat' dir='ltr'>indicatur,</span> <span class='ocrx_word' id='word_1_251' title='bbox 723 2201 946 2248; x_wconf 84' lang='lat' dir='ltr'>suspicatur</span> <span class='ocrx_word' id='word_1_252' title='bbox 977 2199 1165 2236; x_wconf 88' lang='lat' dir='ltr'>excidisse</span> <span class='ocrx_word' id='word_1_253' title='bbox 1195 2195 1402 2245; x_wconf 80' lang='lat' dir='ltr'>„Errare“,</span> <span class='ocrx_word' id='word_1_254' title='bbox 1436 2211 1511 2247; x_wconf 85' lang='lat' dir='ltr'>quo</span> <span class='ocrx_word' id='word_1_255' title='bbox 1542 2197 1677 2235; x_wconf 83' lang='lat' dir='ltr'>addito</span> <span class='ocrx_word' id='word_1_256' title='bbox 1700 2199 1852 2246; x_wconf 84' lang='lat' dir='ltr'>integer</span> 
     </span>
     <span class='ocr_line' id='line_1_30' title="bbox 367 2262 1853 2306; baseline -0.003 0"><span class='ocrx_word' id='word_1_257' title='bbox 367 2274 594 2306; x_wconf 73' lang='lat' dir='ltr'>tetrameter</span> <span class='ocrx_word' id='word_1_258' title='bbox 633 2268 813 2305; x_wconf 77' lang='lat' dir='ltr'>efficitur.</span> <span class='ocrx_word' id='word_1_259' title='bbox 859 2287 914 2292; x_wconf 89' lang='lat'>-—</span> <span class='ocrx_word' id='word_1_260' title='bbox 970 2269 1060 2305; x_wconf 88' lang='lat'>187.</span> <span class='ocrx_word' id='word_1_261' title='bbox 1108 2277 1171 2305; x_wconf 80' lang='lat' dir='ltr'>‘me</span> <span class='ocrx_word' id='word_1_262' title='bbox 1210 2267 1298 2304; x_wconf 80' lang='lat' dir='ltr'>add.</span> <span class='ocrx_word' id='word_1_263' title='bbox 1339 2266 1444 2303; x_wconf 80' lang='lat' dir='ltr'>Cam.</span> <span class='ocrx_word' id='word_1_264' title='bbox 1490 2286 1545 2290; x_wconf 93' lang='lat'>—</span> <span class='ocrx_word' id='word_1_265' title='bbox 1594 2267 1684 2304; x_wconf 88' lang='lat'>188.</span> <span class='ocrx_word' id='word_1_266' title='bbox 1730 2262 1853 2303; x_wconf 77' lang='lat' dir='ltr'>Hanc</span> 
     </span>
     <span class='ocr_line' id='line_1_31' title="bbox 367 2331 1852 2386; baseline -0.003 -11"><span class='ocrx_word' id='word_1_267' title='bbox 367 2338 505 2386; x_wconf 87' lang='lat' dir='ltr'>scripsi</span> <span class='ocrx_word' id='word_1_268' title='bbox 536 2350 669 2373; x_wconf 84' lang='lat' dir='ltr'>versus</span> <span class='ocrx_word' id='word_1_269' title='bbox 700 2350 826 2373; x_wconf 73' lang='lat' dir='ltr'>causa.</span> <span class='ocrx_word' id='word_1_270' title='bbox 861 2355 909 2360; x_wconf 82' lang='lat'>-—</span> <span class='ocrx_word' id='word_1_271' title='bbox 954 2335 1044 2373; x_wconf 87' lang='lat'>189.</span> <span class='ocrx_word' id='word_1_272' title='bbox 1090 2335 1230 2372; x_wconf 87' lang='lat' dir='ltr'>Hiatur</span> <span class='ocrx_word' id='word_1_273' title='bbox 1262 2338 1352 2384; x_wconf 89' lang='lat' dir='ltr'>post</span> <span class='ocrx_word' id='word_1_274' title='bbox 1383 2331 1498 2372; x_wconf 83' lang='lat' dir='ltr'>Nam</span> <span class='ocrx_word' id='word_1_275' title='bbox 1529 2334 1852 2383; x_wconf 83' lang='lat' dir='ltr'>monosyllabum,</span> 
     </span>
     <span class='ocr_line' id='line_1_32' title="bbox 369 2399 1854 2454; baseline -0.003 -12"><span class='ocrx_word' id='word_1_276' title='bbox 369 2410 412 2442; x_wconf 88' lang='lat' dir='ltr'>ut</span> <span class='ocrx_word' id='word_1_277' title='bbox 450 2406 626 2454; x_wconf 87' lang='lat' dir='ltr'>proximo</span> <span class='ocrx_word' id='word_1_278' title='bbox 668 2418 780 2441; x_wconf 84' lang='lat' dir='ltr'>versu</span> <span class='ocrx_word' id='word_1_279' title='bbox 819 2408 908 2454; x_wconf 88' lang='lat' dir='ltr'>post</span> <span class='ocrx_word' id='word_1_280' title='bbox 941 2399 992 2442; x_wconf 74' lang='lat' dir='ltr'>Si</span> <span class='ocrx_word' id='word_1_281' title='bbox 1022 2406 1061 2440; x_wconf 85' lang='lat' dir='ltr'>ct</span> <span class='ocrx_word' id='word_1_282' title='bbox 1102 2403 1178 2441; x_wconf 85' lang='lat'>192</span> <span class='ocrx_word' id='word_1_283' title='bbox 1217 2408 1308 2452; x_wconf 82' lang='lat' dir='ltr'>post</span> <span class='ocrx_word' id='word_1_284' title='bbox 1342 2399 1467 2449; x_wconf 80' lang='lat' dir='ltr'>Tum3</span> <span class='ocrx_word' id='word_1_285' title='bbox 1514 2401 1786 2451; x_wconf 84' lang='lat' dir='ltr'>improbarunt</span> <span class='ocrx_word' id='word_1_286' title='bbox 1815 2403 1854 2438; x_wconf 82' lang='lat' dir='ltr'>et</span> 
     </span>
     <span class='ocr_line' id='line_1_33' title="bbox 369 2465 1852 2522; baseline -0.002 -13"><span class='ocrx_word' id='word_1_287' title='bbox 369 2473 509 2522; x_wconf 83' lang='lat' dir='ltr'>Speng.</span> <span class='ocrx_word' id='word_1_288' title='bbox 537 2476 573 2508; x_wconf 82' lang='lat' dir='ltr'>et</span> <span class='ocrx_word' id='word_1_289' title='bbox 598 2471 777 2509; x_wconf 85' lang='lat' dir='ltr'>Mueller.</span> <span class='ocrx_word' id='word_1_290' title='bbox 804 2487 841 2522; x_wconf 92' lang='lat' dir='ltr'>p.</span> <span class='ocrx_word' id='word_1_291' title='bbox 873 2472 964 2509; x_wconf 89' lang='grc'>746.</span> <span class='ocrx_word' id='word_1_292' title='bbox 994 2490 1046 2495; x_wconf 90' lang='grc'><strong>-</strong></span> <span class='ocrx_word' id='word_1_293' title='bbox 1077 2467 1189 2509; x_wconf 76' lang='lat' dir='ltr'>haud</span> <span class='ocrx_word' id='word_1_294' title='bbox 1217 2470 1303 2508; x_wconf 87' lang='lat' dir='ltr'>edd.</span> <span class='ocrx_word' id='word_1_295' title='bbox 1337 2489 1391 2495; x_wconf 89' lang='lat'><strong>—</strong></span> <span class='ocrx_word' id='word_1_296' title='bbox 1422 2465 1606 2508; x_wconf 52' lang='lat' dir='ltr'>laboris&amp;</span> <span class='ocrx_word' id='word_1_297' title='bbox 1658 2469 1738 2508; x_wconf 87' lang='lat' dir='ltr'>Fl.:</span> <span class='ocrx_word' id='word_1_298' title='bbox 1775 2469 1852 2515; x_wconf 82' lang='lat' dir='ltr'>„la-</span> 
     </span>
     <span class='ocr_line' id='line_1_34' title="bbox 370 2537 1853 2589; baseline -0.003 -12"><span class='ocrx_word' id='word_1_299' title='bbox 370 2541 456 2578; x_wconf 90' lang='lat' dir='ltr'>bori</span> <span class='ocrx_word' id='word_1_300' title='bbox 487 2538 584 2586; x_wconf 59' lang='lat' dir='ltr'>siff,</span> <span class='ocrx_word' id='word_1_301' title='bbox 631 2553 700 2577; x_wconf 89' lang='lat' dir='ltr'>nec</span> <span class='ocrx_word' id='word_1_302' title='bbox 739 2553 831 2577; x_wconf 79' lang='lat' dir='ltr'>sane</span> <span class='ocrx_word' id='word_1_303' title='bbox 869 2540 1047 2577; x_wconf 89' lang='lat' dir='ltr'>cultioris</span> <span class='ocrx_word' id='word_1_304' title='bbox 1087 2540 1273 2576; x_wconf 84' lang='lat' dir='ltr'>orationis</span> <span class='ocrx_word' id='word_1_305' title='bbox 1305 2540 1519 2588; x_wconf 85' lang='lat' dir='ltr'>scriptores</span> <span class='ocrx_word' id='word_1_306' title='bbox 1550 2537 1782 2589; x_wconf 87' lang='lat' dir='ltr'>hypothesin</span> <span class='ocrx_word' id='word_1_307' title='bbox 1813 2537 1853 2573; x_wconf 87' lang='lat' dir='ltr'>in</span> 
     </span>
    </p>
   </div>
   <div class='ocr_carea' id='block_1_5' title="bbox 370 2606 1927 2657">
    <p class='ocr_par' dir='ltr' id='par_1_5' title="bbox 370 2606 1927 2657">
     <span class='ocr_line' id='line_1_35' title="bbox 370 2606 1927 2657; baseline -0.001 -11"><span class='ocrx_word' id='word_1_308' title='bbox 370 2613 536 2657; x_wconf 84' lang='lat' dir='ltr'>utraque</span> <span class='ocrx_word' id='word_1_309' title='bbox 571 2610 764 2645; x_wconf 80' lang='lat' dir='ltr'>sententia</span> <span class='ocrx_word' id='word_1_310' title='bbox 796 2607 967 2644; x_wconf 77' lang='lat' dir='ltr'>indicare</span> <span class='ocrx_word' id='word_1_311' title='bbox 1000 2608 1239 2651; x_wconf 86' lang='lat' dir='ltr'>omisissent;</span> <span class='ocrx_word' id='word_1_312' title='bbox 1271 2606 1338 2644; x_wconf 86' lang='lat' dir='ltr'>sed</span> <span class='ocrx_word' id='word_1_313' title='bbox 1372 2606 1418 2643; x_wconf 88' lang='lat' dir='ltr'>cf.</span> <span class='ocrx_word' id='word_1_314' title='bbox 1447 2607 1547 2643; x_wconf 84' lang='lat' dir='ltr'>infra</span> <span class='ocrx_word' id='word_1_315' title='bbox 1572 2607 1618 2642; x_wconf 82' lang='lat' dir='ltr'>ad</span> <span class='ocrx_word' id='word_1_316' title='bbox 1649 2607 1767 2644; x_wconf 89' lang='grc'>1009.</span> <span class='ocrx_word' id='word_1_317' title='bbox 1799 2623 1854 2630; x_wconf 90' lang='grc'>-</span> <span class='ocrx_word' id='word_1_318' title='bbox 1924 2628 1927 2635; x_wconf 83' lang='lat'>=</span> 
     </span>
    </p>
   </div>
   <div class='ocr_carea' id='block_1_6' title="bbox 370 2672 1854 2863">
    <p class='ocr_par' dir='ltr' id='par_1_6' title="bbox 370 2672 1854 2863">
     <span class='ocr_line' id='line_1_36' title="bbox 370 2672 1853 2725; baseline -0.002 -11"><span class='ocrx_word' id='word_1_319' title='bbox 370 2672 550 2715; x_wconf 76' lang='lat' dir='ltr'>laborem</span> <span class='ocrx_word' id='word_1_320' title='bbox 581 2672 687 2713; x_wconf 66' lang='lat' dir='ltr'>hunc</span> <span class='ocrx_word' id='word_1_321' title='bbox 714 2672 855 2723; x_wconf 67' lang='lat' dir='ltr'>potiri,</span> <span class='ocrx_word' id='word_1_322' title='bbox 888 2676 934 2712; x_wconf 87' lang='lat' dir='ltr'>cf.</span> <span class='ocrx_word' id='word_1_323' title='bbox 969 2674 1067 2713; x_wconf 90' lang='lat' dir='ltr'>Non.</span> <span class='ocrx_word' id='word_1_324' title='bbox 1101 2689 1138 2725; x_wconf 90' lang='lat' dir='ltr'>p.</span> <span class='ocrx_word' id='word_1_325' title='bbox 1172 2675 1264 2712; x_wconf 84' lang='grc'>481.</span> <span class='ocrx_word' id='word_1_326' title='bbox 1300 2687 1388 2711; x_wconf 84' lang='lat' dir='ltr'>aun.</span> <span class='ocrx_word' id='word_1_327' title='bbox 1422 2673 1470 2710; x_wconf 78' lang='lat' dir='ltr'>ad</span> <span class='ocrx_word' id='word_1_328' title='bbox 1501 2673 1642 2723; x_wconf 84' lang='lat' dir='ltr'>Amph.</span> <span class='ocrx_word' id='word_1_329' title='bbox 1679 2674 1768 2712; x_wconf 88' lang='lat'>175.</span> <span class='ocrx_word' id='word_1_330' title='bbox 1799 2691 1853 2697; x_wconf 91' lang='lat'>—</span> 
     </span>
     <span class='ocr_line' id='line_1_37' title="bbox 375 2739 1854 2791; baseline -0.003 -9"><span class='ocrx_word' id='word_1_331' title='bbox 375 2745 464 2782; x_wconf 77' lang='lat'>100.</span> <span class='ocrx_word' id='word_1_332' title='bbox 498 2754 560 2780; x_wconf 81' lang='lat' dir='ltr'>me</span> <span class='ocrx_word' id='word_1_333' title='bbox 590 2739 774 2791; x_wconf 64' lang='lat' dir='ltr'>iamiam,</span> <span class='ocrx_word' id='word_1_334' title='bbox 808 2743 853 2779; x_wconf 82' lang='lat' dir='ltr'>cf.</span> <span class='ocrx_word' id='word_1_335' title='bbox 889 2742 1003 2780; x_wconf 76' lang='lat' dir='ltr'>Poen.</span> <span class='ocrx_word' id='word_1_336' title='bbox 1037 2743 1130 2781; x_wconf 86' lang='lat'>381.</span> <span class='ocrx_word' id='word_1_337' title='bbox 1162 2761 1217 2766; x_wconf 91' lang='lat'><strong>—</strong></span> <span class='ocrx_word' id='word_1_338' title='bbox 1260 2742 1348 2779; x_wconf 83' lang='lat'>192.</span> <span class='ocrx_word' id='word_1_339' title='bbox 1382 2741 1478 2778; x_wconf 83' lang='lat' dir='ltr'>Post</span> <span class='ocrx_word' id='word_1_340' title='bbox 1508 2739 1694 2779; x_wconf 79' lang='lat' dir='ltr'>indecore</span> <span class='ocrx_word' id='word_1_341' title='bbox 1726 2741 1854 2778; x_wconf 74' lang='lat' dir='ltr'>hiatus</span> 
     </span>
     <span class='ocr_line' id='line_1_38' title="bbox 372 2808 1853 2863; baseline -0.003 -15"><span class='ocrx_word' id='word_1_342' title='bbox 372 2814 409 2848; x_wconf 87' lang='lat' dir='ltr'>in</span> <span class='ocrx_word' id='word_1_343' title='bbox 442 2824 599 2848; x_wconf 67' lang='lat' dir='ltr'>caesura.</span> <span class='ocrx_word' id='word_1_344' title='bbox 631 2830 684 2835; x_wconf 88' lang='lat'>——</span> <span class='ocrx_word' id='word_1_345' title='bbox 721 2813 810 2847; x_wconf 76' lang='lat'>193.</span> <span class='ocrx_word' id='word_1_346' title='bbox 848 2810 1038 2859; x_wconf 70' lang='lat' dir='ltr'>„sibigni‘⁴</span> <span class='ocrx_word' id='word_1_347' title='bbox 1075 2823 1203 2846; x_wconf 82' lang='lat' dir='ltr'>merus</span> <span class='ocrx_word' id='word_1_348' title='bbox 1236 2808 1426 2863; x_wconf 76' lang='lat' dir='ltr'>scribendi</span> <span class='ocrx_word' id='word_1_349' title='bbox 1459 2822 1569 2846; x_wconf 72' lang='lat' dir='ltr'>error</span> <span class='ocrx_word' id='word_1_350' title='bbox 1601 2823 1646 2845; x_wconf 76' lang='lat' dir='ltr'>ex</span> <span class='ocrx_word' id='word_1_351' title='bbox 1677 2809 1853 2858; x_wconf 88' lang='lat' dir='ltr'>proximo</span> 
     </span>
    </p>
   </div>
   <div class='ocr_carea' id='block_1_7' title="bbox 1913 0 2009 3218">
    <p class='ocr_par' dir='ltr' id='par_1_7' title="bbox 1913 0 2009 3218">
     <span class='ocr_line' id='line_1_39' title="bbox 1913 0 2009 3218; baseline 0 0"><span class='ocrx_word' id='word_1_352' title='bbox 1913 0 2009 3218; x_wconf 95' lang='lat' dir='ltr'> </span> 
     </span>
    </p>
   </div>
  </div>
 </body>
</html>
