2009 3218
785 227 823 259 V.
851 228 1040 262 821—862.
1579 237 1652 272 591

172 359 252 393 tres
291 355 446 392 dimetri
489 366 572 390 cum
613 355 870 403 paroemiaco.
917 375 963 380 —
1011 358 1103 394 842.
1147 354 1258 394 dmm'
1297 359 1328 395 A
1369 363 1402 394 et
1439 357 1577 395 Donat.
1621 360 1656 395 iu

172 423 259 461 Ter.
294 422 392 460 Eun.
426 423 462 468 4,
499 423 533 467 7,
566 422 640 466 45;
681 421 728 458 cf.
761 422 809 458 ad
844 422 980 459 Bacch.
1015 425 1107 461 275.
1149 444 1201 448 —
1237 425 1354 472 flerat
1384 426 1445 462 ed.
1479 439 1536 474 pr.
1570 423 1657 464 (mi-

173 501 285 530 mum
316 488 534 529 aduorta‘m
565 503 612 526 ex
643 490 675 526 A
709 489 751 526 R.

287 560 380 597 843.
433 558 527 597 Exit
557 558 672 595 homo
710 558 942 602 conductus,
984 560 1243 608 sycophanta,
1285 562 1493 598 trochaicis
1531 567 1658 612 septe-

172 628 292 666 nariis
323 628 498 677 loquens.
561 623 628 664 <lie
659 626 788 670 Both..
821 626 866 663 ef.
900 628 989 663 118.
1021 647 1066 651 ·-
1099 625 1382 666 Trinummum
1417 630 1516 667 diem
1551 631 1657 677 dicit,

171 709 246 746 quo
291 697 365 734 sibi
411 700 492 732 tres
539 695 685 731 nummi
730 695 848 744 pretii
894 695 977 732 loco
1025 696 1105 732 dati
1151 698 1229 733 sint
1277 695 1334 745 (cs
1385 698 1500 735 Most.
1545 696 1656 747 349).

171 763 328 801 Nummi
365 767 494 800 autem
535 762 755 799 didrachmi
795 766 887 799 sunt
917 764 997 799 sive
1029 767 1212 809 stateres,
1259 778 1292 801 v,
1327 765 1373 800 ad
1408 766 1521 816 Epid.
1558 768 1658 814 5153

170 845 240 870 nec
270 832 440 870 Christio
472 831 631 868 concedi
663 834 794 881 potest
826 832 923 868 Anu.
958 831 1093 880 philol.
1128 831 1267 869 XCVII
1294 847 1331 882 p.
1359 834 1437 869 346
1471 834 1543 871 hoc
1574 835 1658 872 loco

170 901 371 939 sestertios
403 899 590 948 intelligi.
639 900 816 948 quamvis
855 899 1012 936 Brixius
1052 913 1136 937 eum
1180 906 1378 949 sequatur.
1451 902 1526 939 Sed
1567 916 1658 952 quo-

173 969 275 1006 niam
315 964 566 1006 trinum‘mus
604 967 891 1005 substantivum
932 974 1008 1013 est,
1056 982 1124 1005 nec
1163 969 1246 1006 dies
1288 969 1481 1006 adiectivo
1522 970 1658 1008 addito

171 1040 329 1074 notatur
361 1037 430 1074 sed
461 1037 632 1086 pretium
665 1037 790 1084 ipsum
816 1049 889 1085 pro
917 1038 1071 1073 nomine
1095 1036 1299 1073 habiturus
1326 1043 1396 1079 est,
1433 1039 1504 1076 hoc
1529 1043 1657 1077 autem

172 1104 364 1154 singulari
403 1117 564 1141 numero
603 1104 866 1153 significatur,
913 1117 1070 1141 necesse
1110 1109 1168 1142 est
1206 1118 1304 1142 unus
1346 1106 1488 1155 aliquis
1534 1109 1658 1145 maior

170 1186 352 1210 nummus
390 1172 510 1210 fuerit
548 1177 628 1209 tres
668 1177 835 1210 stateras
874 1172 1017 1210 valens.
1087 1173 1191 1210 Talis
1233 1178 1360 1211 autem
1393 1176 1426 1211 si
1457 1177 1659 1224 quaeritur,

171 1242 236 1278 vix
280 1240 379 1277 alius
417 1241 583 1278 inveniri
621 1245 754 1290 potest
792 1254 906 1289 quam
944 1240 1275 1279 tetradrachmum
1316 1243 1508 1288 Atticum,
1556 1244 1658 1292 quod

172 1308 316 1359 ubique
347 1309 645 1346 usitatissimum
677 1311 770 1354 suit,
819 1309 923 1358 quod
962 1310 1139 1359 quamvis
1178 1311 1352 1359 pondere
1388 1312 1505 1361 paulo
1536 1312 1660 1349 levius

171 1378 290 1415 suerit
328 1390 444 1426 quam
481 1380 562 1414 tres
600 1378 747 1415 nummi
779 1378 859 1414 sive
890 1381 1054 1415 stateres
1090 1377 1231 1424 Italici,
1272 1392 1360 1416 nam
1391 1383 1554 1417 stateres
1585 1381 1659 1418 Ta—

170 1446 314 1483 rentini
361 1446 475 1483 huius
521 1447 730 1496 temporis,
777 1447 809 1482 si
853 1445 1033 1495 pondera
1071 1446 1236 1496 catalogi
1279 1449 1402 1484 musei
1444 1448 1659 1486 Britannici

171 1514 366 1562 exegeris,
413 1514 494 1551 fere
533 1527 600 1551 sex
639 1518 857 1563 grammata
897 1513 1047 1552 Gallica
1085 1514 1279 1564 pendunt,
1326 1516 1656 1554 tetradrachmum

172 1586 299 1619 autem
330 1583 504 1620 Atticum
537 1582 812 1633 septendecim,
853 1586 994 1629 tamen,
1035 1584 1218 1631 quoniam
1250 1583 1422 1621 Atticum
1455 1588 1658 1632 argentum

172 1654 262 1688 ante
294 1652 422 1687 omnia
454 1650 716 1699 quaerebatur,
756 1664 831 1687 non
864 1655 922 1688 est
955 1651 1036 1687 veri
1069 1651 1256 1688 dissimile
1286 1664 1359 1700 pro
1392 1652 1518 1689 tribus
1552 1640 1670 1690 num-¹

171 1720 243 1756 mis
288 1719 443 1756 stetisse
489 1723 528 1755 et
573 1719 777 1756 trinummi
821 1721 976 1756 nomine
1023 1720 1264 1769 appellatum
1311 1733 1404 1757 esse.
1460 1740 1507 1745 -
1565 1722 1657 1758 844.

176 1785 476 1834 ‚‚naugatorias“
525 1787 569 1824 R.
612 1787 766 1830 scribit.
813 1802 846 1824 v.
887 1787 1029 1837 Opusc.
1068 1787 1106 1824 II
1152 1801 1189 1836 p.
1233 1789 1328 1826 425.
1388 1788 1493 1826 Brix.
1534 1789 1581 1826 ad
1622 1804 1657 1827 v.

173 1855 264 1893 396.
298 1875 352 1880 —
392 1856 485 1893 845.
527 1855 666 1905 atque,
710 1869 743 1892 v.
776 1855 824 1892 ad
858 1856 956 1893 Rud.
994 1856 1112 1893 1227.
1160 1856 1279 1894 Poeu.
1318 1858 1435 1894 1011.
1473 1878 1519 1882 —
1565 1859 1657 1895 846.

169 1921 374 1973 usurpauz'
414 1920 520 1961 meis
558 1926 611 1969 A,
659 1924 683 1960 i.
723 1938 754 1960 e.
796 1925 959 1973 contigi,
1008 1925 1053 1962 cf.
1094 1925 1142 1961 ad
1182 1924 1288 1961 Pers.
1331 1926 1422 1963 733.
1464 1945 1518 1950 —
1565 1927 1657 1963 847.

170 1988 290 2038 mali,
331 1992 378 2029 cf.
419 1991 535 2030 Most.
578 1992 669 2029 520.
713 2011 761 2016 ——
804 1993 895 2029 848.
941 1988 1052 2040 Quin
1082 1994 1133 2038 A,
1175 1993 1221 2029 cf.
1264 1993 1313 2029 ad
1344 1994 1431 2031 Aul.
1474 1995 1565 2032 291.
1605 2014 1659 2020 —-

170 2069 383 2098 nummum
422 2060 466 2097 R.
541 2056 660 2098 hasce
690 2062 734 2097 A.
783 2080 837 2084 —
883 2061 974 2097 850.
1016 2057 1080 2106 id,
1130 2075 1164 2098 v.
1206 2060 1253 2097 ad
1292 2060 1413 2098 Stich.
1456 2063 1545 2099 109.
1592 2062 1657 2099 Br.

171 2129 218 2165 ad
252 2129 288 2165 h.
315 2129 339 2165 l.
370 2148 425 2153 —
457 2125 601 2174 solide,
635 2129 681 2165 cf.
709 2129 802 2165 892.
831 2148 881 2152 —
914 2129 1007 2165 851.
1038 2123 1238 2178 funssmm
1269 2133 1431 2179 propter
1461 2132 1658 2179 ingentem

170 2201 347 2247 petasum
379 2210 465 2234 cum
499 2196 617 2245 fungo
649 2200 912 2246 comparatur.
982 2195 1115 2245 capite
1137 2206 1182 2234 88
1205 2198 1238 2233 Α
1262 2203 1301 2234 et
1325 2197 1505 2247 Fulgent.
1530 2198 1657 2246 Myth.

171 2265 219 2311 II,
254 2267 290 2303 2.
339 2284 388 2290 -
437 2266 530 2303 852.
576 2261 775 2302 Hilurica
804 2265 855 2309 A,
904 2267 927 2302 i.
961 2278 993 2302 e.
1035 2265 1208 2313 Illyrica,
1257 2280 1291 2302 v.
1329 2266 1432 2302 Men.
1469 2266 1559 2304 233.
1607 2286 1660 2290 --

171 2353 217 2359 —·
257 2334 351 2371 856.
396 2329 700 2379 concilia-uerit,
743 2335 901 2379 emerit,
934 2347 968 2370 v,
1002 2333 1050 2369 ad
1082 2333 1191 2383 Capt.
1229 2335 1318 2387 131.
1360 2353 1412 2359 -
1452 2335 1659 2373 857-60.

171 2401 367 2451 Ladewig.
401 2401 541 2440 Philol.
573 2401 683 2438 XVII
714 2415 750 2450 p.
786 2403 864 2439 255
897 2403 1051 2450 spurios
1084 2415 1167 2439 esse
1198 2402 1499 2449 animadvertit3
1545 2405 1659 2441 nimis

171 2471 273 2507 enim
304 2471 438 2520 inepta
468 2475 572 2507 sunt.
642 2469 698 2507 De
737 2465 910 2519 chorayo
945 2483 979 2506 v.
1013 2470 1061 2507 ad
1101 2469 1212 2507 Cure.
1247 2471 1340 2508 460.
1386 2490 1442 2496 —
1487 2469 1659 2509 circum-

139 2549 141 2552 ⁴
171 2535 327 2584 ducere,
359 2539 384 2575 i.
418 2552 449 2575 e.
484 2538 754 2576 fraudulenter
786 2538 955 2587 privare,
982 2537 1058 2575 vid.
1094 2539 1188 2576 959.
1238 2538 1372 2576 Bacch.
1408 2541 1501 2577 308.
1538 2540 1654 2577 1183.

171 2605 313 2643 Pseud.
346 2607 442 2643 431.
476 2607 567 2644 530.
621 2605 738 2642 Poen.
773 2606 865 2642 974.
935 2605 1045 2643 Notae
1079 2607 1247 2643 miniatae
1279 2609 1318 2644 iu
1350 2607 1434 2645 cod.
1470 2607 1498 2644 Β
1530 2611 1657 2644 versui

172 2674 251 2711 858
284 2674 429 2711 additae
460 2674 553 2723 quid
585 2673 815 2722 significent,
848 2674 1088 2721 ignoramus.
1119 2694 1174 2699 —
1218 2675 1311 2712 861.
1349 2670 1479 2723 Quam
1509 2673 1655 2724 magns,

171 2754 204 2779 v.
239 2742 286 2778 ad
317 2741 428 2779 Asin.
466 2743 556 2779 157.
596 2762 649 2767 -
690 2738 806 2779 spIira
846 2741 962 2788 sunt,
1009 2755 1045 2779 v.
1078 2742 1126 2779 ad
1157 2743 1301 2793 Amph.
1335 2744 1428 2780 279.
1473 2762 1521 2767 -
1563 2744 1656 2781 862.

171 2806 425 2856 dormitator,
459 2809 533 2856 fur,
567 2812 613 2847 cf.
640 2811 733 2855 984,
766 2812 831 2858 qui
856 2810 1026 2847 interdiu
1053 2809 1329 2859 dormitat,nut
1362 2814 1476 2847 noctu
1509 2811 1654 2860 vigilet,
