2009 3218
171 171 212 217 V.
237 174 267 213 2·
297 172 425 207 13-27
785 170 1029 205 Trinummus.
1571 170 1650 210 329

772 295 1036 337 Callicles

337 368 447 419 Quid
480 369 573 410 est?

749 446 1062 487 Charmides

634 518 805 560 Oblitus
837 518 952 559 intus
985 517 1145 559 dudum
1177 517 1255 559 tibi
1288 533 1380 560 sum
1413 518 1573 560 dicere:

167 591 292 634 Modo
325 591 424 633 mihi
458 591 709 632 aduenienti
741 594 925 643 nugator
956 589 1131 643 quidam
1166 590 1347 631 occessit
1379 590 1566 638 obuiam,

165 663 299 705 Nimis
318 663 625 717 pergraphicus
644 661 932 717 sycophanta3
965 662 999 702 is
1028 660 1140 702 mille
1168 675 1387 703 nummum
1407 677 1451 703 se
1470 676 1644 703 aureum

165 734 258 776 Meo
289 733 391 775 datu
425 734 501 775 tibi
535 735 644 776 ferre
677 739 719 776 et
751 738 880 787 gnato
918 733 1156 774 Lesbonico
1190 733 1310 774 aibat
1343 748 1454 783 rneo3
1561 746 1646 778 1140

165 805 294 857 Quem
335 820 413 859 ego
454 820 528 848 noc
566 807 637 860 qui
681 810 795 847 esset
834 819 979 846 noram
1020 818 1157 858 neque
1197 818 1292 846 eum
1331 809 1432 846 ante
1464 819 1645 860 usquam

1107 877 1309 930 conspexi
1342 877 1471 930 prius.

165 948 246 991 Sed
281 949 384 1003 quid
419 949 563 991 rides?

771 1020 1032 1062 Gallie-los

570 1093 663 1134 Meo
697 1093 898 1147 adlegatu
932 1093 1061 1141 uenit,
1094 1093 1217 1146 quasi
1251 1093 1323 1145 qui
1355 1106 1508 1134 aurum
1542 1092 1643 1134 mihi

161 1164 308 1206 Ferret
339 1166 417 1206 abs
449 1170 502 1215 te,
537 1165 652 1218 quod
686 1165 832 1206 darem
867 1171 967 1206 tuae
1000 1170 1156 1215 gnatae
1189 1164 1346 1214 dotem,
1380 1172 1427 1205 ut
1460 1164 1572 1206 filius

159 1236 285 1286 Tuus,
318 1237 490 1290 quaudo
522 1236 583 1278 illi
615 1251 640 1278 a
672 1252 736 1279 me
770 1237 929 1285 darem,
963 1250 1056 1278 esse
1089 1235 1282 1277 adlatum
1313 1235 1356 1278 id
1382 1235 1460 1278 abs
1487 1242 1528 1278 te
1553 1250 1641 1277 cre-

1104 1308 1227 1350 deret

160 1379 250 1422 Neu
278 1381 349 1433 qui
374 1394 461 1422 rem
488 1381 625 1434 ipsam
646 1385 790 1434 posset
806 1379 1070 1433 intellegere,
1103 1379 1387 1422 thensaurum
1403 1386 1524 1421 tuum
1558 1392 1644 1425 1145

158 1451 225 1493 Me
257 1465 348 1494 esse
374 1466 518 1506 penes.
552 1459 684 1506 atque
709 1466 804 1494 eum
834 1467 898 1494 me
922 1452 1016 1504 lege
1044 1451 1191 1506 populi
1219 1453 1405 1505 patrium
1432 1457 1640 1505 posceret.

742 1531 1054 1573 Charmides

161 1602 275 1645 Scite
307 1602 460 1658 edepol

769 1674 1030 1716 Callicles

527 1746 830 1800 Megaronides
862 1747 1100 1788 communis
1132 1747 1212 1789 hoc
1247 1762 1362 1789 meus
1395 1753 1438 1789 et
1469 1753 1569 1789 tuus

160 1818 428 1861 Beneuolens
460 1823 745 1861 conmentust.

739 1897 1058 1939 Charmides

766 1970 876 2019 Quin
912 1970 1125 2011 conlaudo
1158 1970 1384 2012 consilium
1417 1979 1459 2013 et
1492 1972 1640 2025 probo.

764 2049 1032 2103 Lysiteles

160 2119 271 2169 Quid
303 2133 379 2172 ego
410 2120 594 2174 ineptus,
629 2121 728 2162 dum
761 2135 999 2163 sermonem
1034 2135 1186 2163 uereor
1216 2122 1546 2176 interrumpere.

159 2190 282 2232 Solus
306 2197 373 2233 sto
398 2205 486 2242 nec,
521 2192 634 2246 quod
654 2198 833 2234 conatus
862 2207 953 2234 sum
980 2207 1119 2244 agere,
1153 2194 1264 2246 ago?
1311 2193 1514 2236 Homines
1541 2210 1640 2238 con-

1102 2265 1269 2319 loquar.
1555 2278 1642 2311 1150

740 2343 1054 2386 Charmides

159 2412 260 2463 Quis
290 2413 358 2455 hic
389 2419 468 2465 est,
501 2417 572 2469 qui
606 2415 690 2457 huc
723 2414 776 2457 ad
809 2429 888 2456 nos
920 2415 1111 2457 incedit?

440 2540 459 2563 ο

271 2573 356 2606 1137
385 2581 411 2607 ω
435 2571 565 2607 Uidest
593 2573 618 2606 B
643 2572 678 2606 B
752 2574 836 2607 1138
863 2573 1020 2607 accessit
1092 2575 1177 2608 1139
1203 2585 1330 2610 aurum
1408 2577 1493 2609 1140
1517 2576 1638 2610 alebat

162 2627 241 2661 1141
269 2629 377 2671 nequi
451 2631 536 2663 1143
563 2629 718 2663 Ferrent
740 2629 768 2663 (J
841 2631 924 2664 1145
951 2630 1030 2673 quis
1102 2630 1308 2674 intelligere
1334 2636 1371 2666 et
1444 2634 1530 2666 1146
1555 2643 1637 2666 eum

159 2693 181 2716 ι
205 2694 260 2718 me
327 2684 427 2727 vlege
451 2687 479 2720 C
549 2688 634 2719 1143
659 2691 869 2720 comentust
892 2685 937 2728 B,
963 2691 1185 2720 commetust
1201 2686 1230 2722 C
1301 2688 1461 2731 quinuuc
1487 2688 1595 2722 laudo
1613 2691 1640 2723 C

164 2741 246 2774 1150
271 2741 427 2775 hominis
