2009 3218
138 208 208 251 ΙΙΙ,
235 211 266 252 5,
291 210 425 244 37—52
814 210 973 246 Rudons.
1551 211 1629 248 137

745 335 814 377 Da
828 351 846 374 e
859 350 894 375 m
909 351 929 372 n
942 351 1027 376 nes

1038 407 1132 448 Dixi
1167 409 1287 449 satis.

138 479 192 521 Et
222 478 295 520 ubi
328 478 400 521 ille
433 493 584 521 seruos
617 492 712 520 cum
746 493 819 520 ero
851 478 933 520 huc
965 477 1207 529 nmmum-it,

138 550 220 601 Qui
251 565 372 592 erum
405 552 650 600 arcessiuit,
683 552 790 592 itote
823 550 1040 604 extemplo
1074 550 1260 592 domum.

138 622 296 665 Curate
329 623 436 664 haec
467 623 593 665 sultis
625 636 779 676 magna
811 622 1048 676 diligentia.

781 712 988 755 Labrax

138 785 200 828 Eu
231 785 374 827 hercle
407 800 459 827 ne
492 786 589 828 istic
620 786 724 828 fana
756 790 979 827 mutantur
1011 786 1119 836 cit03
1563 798 1631 831 810

137 857 227 900 Iam
257 857 338 899 hoc
370 857 547 900 Herculi
580 861 657 903 est,
689 858 810 899 modo
842 856 1022 900 Ueneris
1056 858 1202 900 fanum
1235 858 1352 912 quod
1386 858 1487 907 suit;

139 929 205 972 lta
236 929 319 972 duo
352 930 553 972 destituit
586 930 709 983 signa
739 929 810 971 hic
842 944 938 971 cum
971 929 1107 971 clauis
1140 944 1284 972 senex.

137 1002 229 1044 Nou
261 1001 404 1044 hercle
436 1017 521 1056 quo
555 1002 652 1044 hinc
685 1016 797 1043 nunc
828 1003 1021 1053 gentium
1053 1001 1273 1055 aufugiam
1306 1003 1417 1053 sci03

137 1075 204 1117 Ita
234 1088 347 1117 nunc
380 1074 483 1116 mihi
515 1079 748 1128 utrumque
783 1075 937 1121 saeuit,
971 1079 1014 1116 et
1045 1079 1164 1115 terra
1195 1079 1237 1115 et
1269 1088 1402 1116 mare.

139 1146 375 1189 Palaestra.

773 1214 992 1256 Lorarii

452 1286 564 1337 Quid
596 1287 692 1330 uis?

775 1372 990 1415 Labrax

753 1446 912 1500 Apage,
946 1448 1247 1488 controuersia
1280 1452 1363 1489 est:
1565 1460 1632 1492 815

139 1519 254 1560 Haec
287 1518 459 1572 quidem
493 1518 717 1561 Palaestra
749 1532 860 1573 quae
892 1518 1119 1573 respondit
1151 1534 1234 1560 nou
1268 1535 1362 1561 mea
1394 1526 1471 1561 est.

139 1589 269 1641 Heus,
302 1590 559 1645 Ampelisca.

776 1677 993 1719 Lorarii

611 1748 728 1793 Caue
761 1750 819 1792 sis
851 1749 1102 1792 infortunio.

780 1841 988 1883 Labraae¹

142 1915 199 1957 Ut
230 1919 386 1969 potest,
416 1915 563 1967 ignaui
595 1913 790 1955 homines
823 1914 930 1955 satis
962 1919 1080 1955 recte
1111 1919 1299 1956 monent.

142 1985 224 2030 Sed
255 1987 378 2028 uobis
410 1987 519 2036 dico,
553 1985 661 2028 heus
694 2000 784 2036 uos,
815 2000 918 2027 num
951 1985 1175 2027 molestiae
1206 1992 1269 2028 est

141 2058 208 2101 Me
239 2058 358 2101 adire
389 2058 443 2100 ad
473 2059 572 2101 illas
605 2058 812 2113 propius?

776 2140 992 2182 Lorarii

850 2212 970 2254 Nihil
1001 2212 1128 2255 nobis
1161 2213 1347 2268 quidem.
1564 2226 1632 2259 820

782 2304 994 2346 Labrax

142 2374 253 2418 Num
285 2376 387 2431 quid
420 2376 652 2419 molestum
684 2375 786 2417 mihi
820 2376 935 2417 erit?

779 2470 995 2512 Lorarii

982 2542 1114 2595 Nihil,
1149 2544 1185 2586 si
1216 2543 1396 2586 caueris.

254 2679 320 2714 808
344 2678 474 2714 herum
499 2679 693 2714 accersiuit
718 2678 752 2712 B
862 2679 929 2712 809
954 2679 1075 2713 stultis
1187 2678 1403 2722 deiligentia
1427 2677 1462 2712 Β
1565 2679 1632 2711 810

143 2733 246 2770 Eheu
315 2737 378 2770 811
395 2736 504 2771 modo
519 2747 582 2771 οηι.
648 2737 714 2770 816
729 2735 898 2779 equidem
962 2737 1031 2771 818
1042 2739 1196 2771 monent
1209 2746 1274 2772 om.
1290 2736 1319 2771 G
1380 2737 1447 2769 819
1459 2734 1628 2769 molestia

144 2791 206 2826 821
232 2790 402 2838 Nunquid
