2009 3218
200 162 260 205 lv.
287 164 319 200 2.
344 162 472 197 53-61
816 160 1064 195 Trinummus.
1604 166 1683 205 309

767 285 1116 340 Sycophanta

199 360 317 403 Hanc
349 373 414 401 me
444 358 571 399 iussit
603 357 842 399 Lesbonico
875 371 953 398 suo
985 362 1118 410 gnato
1151 358 1255 400 dare
1287 360 1516 413 epistulam

199 431 252 474 Et
282 432 383 473 item
417 430 528 471 hanc
559 428 742 470 alteram
774 443 851 470 suo
884 429 1020 470 amico
1054 427 1221 471 Callicli
1254 432 1379 473 iussit
1411 431 1526 473 dare.
1620 443 1687 476 899

781 506 993 549 Charini
1010 508 1100 549 des

197 582 299 625 Mihi
325 594 501 635 quoque
528 579 694 634 edepol,
727 594 855 634 quom
883 579 954 620 hic
979 584 1177 633 nugatur,
1212 586 1364 623 contra
1381 583 1535 634 nugari
1553 583 1686 625 lubet.

197 654 278 696 L'bi
311 654 400 706 ipse
434 652 558 693 erat?

765 722 1120 778 Sycophanta

608 794 721 837 Bene
756 808 841 836 rem
876 795 1069 848 gerebat.

782 873 1099 916 Charmides

1110 947 1223 1001 Ergo
1256 947 1362 989 ubi‘?

764 1018 1114 1073 Sycophanta

787 1096 799 1109 ·
1399 1078 1443 1118 In
1477 1077 1683 1120 Seleucia.

782 1131 1100 1174 Charmides

199 1204 261 1245 Ab
294 1205 445 1257 ipsene
478 1205 586 1245 istas
619 1204 857 1256 accepisti?

763 1282 1113 1337 Sycophanta

737 1356 768 1395 Ε
803 1355 1000 1410 manibus
1032 1355 1150 1397 dedit
1184 1356 1287 1397 mihi
1320 1357 1412 1411 ipse
1445 1358 1485 1398 in
1521 1371 1684 1398 manus,

779 1432 1099 1477 Charmides

198 1505 289 1556 Qua
322 1505 431 1546 facie
464 1511 529 1546 est
562 1506 718 1547 homo?

763 1578 1114 1632 Sycophanta

710 1649 978 1704 Sesquipede
1011 1651 1233 1704 quidamst
1264 1666 1392 1706 quam
1425 1658 1473 1694 tu
1506 1653 1685 1706 longior.

781 1728 1099 1772 Charmides

197 1798 354 1841 Haeret
386 1800 493 1842 haec
524 1815 606 1850 res,
637 1802 672 1842 si
705 1800 880 1854 quidem
914 1815 991 1853 ego
1024 1801 1182 1844 absens
1208 1816 1301 1845 sum
1326 1818 1453 1858 quam
1481 1817 1686 1858 praesens

1147 1874 1327 1927 longior.

197 1926 262 1969 No
273 1929 399 1969 uistin
433 1928 648 1970 hominem
660 1929 680 1969 Ῥ

766 2001 1117 2055 Sycophanta

688 2073 886 2115 Ridicule
918 2075 1095 2126 rogitas,
1129 2076 1300 2129 quicum
1334 2090 1421 2117 una
1453 2076 1595 2117 cibum
1621 2087 1688 2121 905

197 2125 357 2181 Capere
393 2128 523 2170 soleo.

780 2201 1100 2244 Charmides

522 2271 632 2321 Quid
667 2279 733 2313 est
767 2273 804 2313 ei
838 2274 1022 2315 nomen?

761 2352 1115 2407 Sycophanta
1251 2397 1255 2401 ,

942 2445 945 2448 ·
997 2424 1119 2475 Quod
1153 2425 1307 2480 edepol
1341 2427 1505 2469 homini
1537 2427 1685 2482 probo.

306 2559 372 2592 900
396 2565 604 2602 auguratur
630 2558 676 2593 Β.
703 2564 908 2601 nngaralur
934 2559 962 2593 G
1028 2561 1129 2596 iubet
1156 2560 1186 2596 G
1251 2563 1314 2597 901
1343 2563 1498 2597 seleutia
1524 2563 1552 2598 C
1621 2565 1687 2597 903

196 2612 407 2656 quiddamst
483 2618 620 2658 quantu
647 2614 693 2652 Β,
721 2620 896 2660 qnantum
924 2616 953 2651 C
1027 2618 1094 2651 904
1117 2628 1182 2653 om,
1211 2617 1240 2654 C
1315 2630 1395 2654 snm
1421 2621 1509 2664 quia
1533 2631 1686 2664 presens

194 2669 261 2703 905
282 2668 426 2704 Nouisti
455 2672 490 2705 in
517 2671 554 2706 Β
632 2684 790 2716 quocum
872 2673 938 2706 906
963 2672 994 2706 X
1020 2673 1107 2717 quid
1133 2675 1165 2709 ei
1190 2682 1275 2710 noffi
1303 2687 1323 2710 e
1347 2675 1383 2710 B
1455 2676 1613 2721 dedepol
1639 2675 1683 2717 Β,

196 2723 241 2758 de
264 2725 394 2770 edepol
422 2727 451 2762 Ο
