2009 3218
320 213 402 252 418
1002 170 1122 240 bersa.

323 351 407 376 esse
438 337 621 374 Romanis
652 335 732 372 haec
763 331 946 372 omnia‘?“
976 354 1031 358 —
1056 335 1120 371 28.
1156 330 1311 372 ulmeae
1338 329 1568 381 catapultae
1584 334 1630 371 A.
1675 333 1804 383 Plagae

321 406 460 443 ulmeis
489 405 612 454 virgis
642 402 798 441 inflictae
830 415 914 440 cum
946 402 1158 452 catapultae
1187 402 1330 439 ictibus
1360 405 1649 451 comparantur,
1682 401 1728 438 cf.
1757 400 1806 437 ad

322 473 441 510 Poen.
476 473 568 510 201.
608 491 662 496 -—
703 472 766 508 29.
802 466 1018 517 “Basilice,
1066 469 1174 517 regio
1217 469 1353 516 modo,
1399 468 1446 506 cf.
1479 469 1528 506 ad
1567 468 1677 505 Curc.
1712 469 1804 505 359.

323 537 435 590 assito
481 535 722 586 eleutheria,
769 539 794 576 i.
833 552 863 574 e.
905 538 1102 575 libertatis
1149 537 1250 574 diem
1293 534 1441 574 festum
1486 550 1575 586 ago,
1621 536 1807 573 libertate

323 608 487 656 gaudeO.
554 606 736 657 Spengel.
770 605 1158 654 Reformvorschlage
1189 618 1228 655 p.
1263 605 1362 651 386,
1404 618 1481 654 quo
1522 605 1673 641 numeri
1703 616 1808 641 com-

323 675 518 713 modiores
547 673 697 721 fierent,
734 671 1025 721 „eleutherum“
1055 673 1213 722 scripsit
1237 673 1382 710 omisso
1410 668 1576 720 „diem“,
1609 671 1713 721 quod
1743 672 1809 708 vix

324 745 419 782 ferri
448 746 594 794 potest.
653 742 769 780 Both.
802 741 845 778 R.
883 739 1003 791 „ago“
1039 741 1292 791 scripserunt.
1324 759 1379 765 -
1419 741 1482 777 30.
1510 738 1682 788 pereyri
1711 738 1807 776 Cha-

324 813 441 849 risius
471 825 509 861 p.
539 812 630 848 189.
662 830 717 835 —
749 805 799 847 Si
830 809 874 847 tu
904 808 1084 859 Spengel.
1107 808 1133 846 l.
1155 808 1202 855 l.;
1235 807 1383 845 Camer.
1419 803 1552 855 „tute“
1586 808 1807 857 scripserat.

323 901 379 905 —
411 881 475 918 32.
507 875 700 927 scapulae
728 875 943 926 pruriunt,
978 890 1012 914 v.
1046 876 1095 913 ad
1125 875 1265 925 Amph.
1301 877 1393 913 291.
1428 895 1477 900 —
1513 877 1576 913 33.
1618 871 1691 913 hoc
1723 887 1809 912 cor-

324 951 490 998 reptum.
523 967 576 972 —
610 948 674 984 34.
708 943 798 984 dies
828 945 991 991 Camer.,
1023 958 1057 982 v.
1087 944 1137 981 ad
1160 943 1269 981 Asin.
1296 945 1388 982 530.
1420 953 1595 991 summa,
1627 946 1813 990 extrema,

329 1030 406 1066 qua
436 1015 680 1061 decernetur,
711 1017 844 1051 utrum
882 1013 1008 1050 libera
1039 1013 1171 1049 futura
1203 1006 1262 1059 sitf
1285 1025 1333 1048 an
1357 1012 1597 1061 sempiterno
1629 1010 1812 1048 dedecori

327 1083 536 1130 destinata,
568 1095 604 1120 v.
623 1083 717 1119 833.
736 1101 790 1106 —
813 1081 909 1118 Post
931 1090 1022 1118 mea
1047 1080 1191 1127 hiatur,
1219 1081 1266 1117 cf.
1290 1081 1351 1118 13.
1397 1079 1547 1116 Ritscb.
1569 1076 1668 1127 „mi“
1690 1077 1810 1115 adde·

327 1151 412 1198 bat3
444 1150 625 1200 Spengel.
648 1149 789 1197 „hodie
805 1152 953 1186 meaest
976 1146 1160 1186 amicae“.
1180 1168 1228 1173 —
1261 1149 1324 1186 36.
1354 1143 1505 1186 Facere
1525 1143 1701 1184 amicum
1719 1159 1810 1195 sup·

327 1219 449 1268 plevit
472 1218 621 1255 Camer.
641 1235 689 1242 —
719 1218 769 1254 37
819 1212 873 1256 Ut
896 1217 1051 1254 modum
1075 1216 1224 1254 indicat
1247 1217 1356 1266 quasi
1387 1229 1457 1262 „ea
1473 1217 1640 1261 ratione,
1666 1211 1738 1262 si“,
1765 1215 1812 1252 cf.

329 1286 450 1324 Stich.
477 1286 568 1323 124.
591 1305 637 1309 -
663 1294 856 1322 mammos
872 1284 1079 1322 sescentos
1105 1281 1169 1333 (cf.
1189 1285 1282 1322 436.
1304 1281 1401 1332 848)
1434 1285 1458 1320 i.
1477 1297 1509 1321 e.
1528 1284 1651 1320 minas
1668 1281 1813 1319 duode-

329 1357 413 1401 cim,
445 1367 479 1391 v.
500 1353 547 1390 ad
564 1352 682 1403 Epid.
703 1355 766 1391 55.
814 1352 870 1389 De
894 1355 1025 1402 pretio
1056 1367 1090 1391 v.
1117 1352 1353 1402 Marquardt
1376 1351 1529 1389 Handb.
1557 1350 1593 1389 d.
1620 1356 1715 1388 rom.
1733 1350 1814 1388 Alt.

328 1423 414 1470 V,I
442 1435 480 1471 p.
513 1422 602 1458 181.
633 1441 688 1446 —
720 1421 784 1457 38.
818 1429 1026 1469 reponam,
1058 1420 1229 1468 reddam,
1263 1420 1310 1458 cf.
1344 1420 1444 1457 Plin.
1469 1419 1541 1469 Ep.
1569 1419 1672 1466 VIII,
1698 1420 1734 1465 2,
1768 1419 1813 1455 6:

334 1489 546 1540 „quosdam
579 1502 625 1525 ex
650 1488 784 1526 debito
810 1489 1066 1538 ahquantum,
1100 1488 1288 1537 quosdam
1313 1487 1474 1538 aliquid,
1506 1487 1694 1537 quosdam
1717 1480 1817 1524 nihil

331 1554 593 1608 reposuisse“.
667 1556 762 1593 Hor.
795 1557 866 1607 Ep.
899 1556 936 1603 I,
978 1558 1021 1604 7,
1057 1557 1128 1594 39:
1177 1556 1347 1603 „donata
1376 1553 1607 1606 reponere“.
1647 1575 1701 1580 —
1746 1550 1819 1592 hoc

330 1628 554 1676 correptum
586 1628 630 1662 ut
663 1626 736 1673 333
769 1625 812 1662 R.
852 1622 938 1668 „in“
969 1624 1139 1662 delebat.
1172 1644 1226 1650 —
1258 1626 1323 1662 40.
1360 1628 1453 1672 „tua
1483 1620 1557 1672 (tui
1590 1621 1655 1671 a)“
1691 1622 1819 1660 delevi

330 1707 466 1732 versus
490 1706 617 1730 causa.
665 1692 808 1742 Speng.
826 1692 1151 1730 Reformvorschl.
1177 1705 1215 1741 p.
1235 1693 1313 1730 386
1336 1693 1527 1730 trochaeos
1552 1692 1815 1730 constituens:

337 1762 443 1810 „Qua
479 1765 524 1799 tu
563 1760 799 1798 confidentia
837 1774 974 1811 rogare
1014 1774 1038 1798 a
1074 1759 1175 1798 me“.
1250 1760 1324 1798 Sed
1369 1761 1596 1809 praepositio
1639 1756 1710 1806 „a“
1753 1758 1839 1796 vix>

332 1831 479 1879 scripta
508 1829 594 1876 fuit,
625 1842 694 1865 nec
725 1830 820 1867 satis
844 1829 1068 1866 defenditur
1092 1829 1301 1867 Asellionis
1323 1829 1409 1866 loco
1432 1828 1531 1866 Gell.
1556 1827 1664 1874 XIII,
1690 1828 1755 1874 22,
1780 1827 1817 1864 8.

334 1918 387 1922 —
426 1898 492 1934 41.
530 1906 700 1935 ‘aeneam
730 1897 816 1934 edd.
857 1917 911 1922 —
952 1897 1017 1935 42.
1050 1893 1219 1946 pumice
1256 1897 1399 1934 ultima
1433 1896 1562 1946 longa,
1593 1908 1629 1933 v.
1661 1894 1818 1944 Proleg.

333 1979 372 2015 p.
401 1966 491 2003 195.
552 1964 610 2002 De
641 1965 894 2003 similitudine
924 1965 974 2002 ad
1003 1965 1091 2002 Aul.
1119 1965 1211 2003 289.
1244 1984 1299 1989 —-
1329 1965 1395 2002 43.
1436 1959 1613 2013 Rogas?
1641 1962 1819 2014 postulat

334 2033 465 2070 Plauti
497 2034 738 2071 consuetudo
768 2037 813 2071 ut
848 2034 938 2080 108,
971 2047 1006 2071 v.
1039 2032 1220 2081 Seyffert.
1251 2031 1391 2069 Philol.
1418 2031 1551 2068 XXIX
1580 2045 1618 2082 p.
1647 2032 1740 2079 385,
1771 2044 1819 2068 ne

337 2102 424 2150 quis
463 2114 548 2138 cum
587 2100 632 2138 R.
665 2115 710 2138 ex
742 2102 772 2139 B
813 2115 872 2151 pr.
913 2115 1013 2139 man.
1057 2097 1275 2151 ,‚Rogan‘?“
1318 2099 1474 2138 scribat.
1514 2119 1570 2125 —
1605 2100 1672 2138 46.
1714 2099 1819 2146 „Iam

335 2166 479 2219 igitur“
507 2169 634 2218 inquit
661 2172 864 2219 „paratum
890 2169 985 2207 mihi
1012 2167 1109 2206 est“.
1170 2169 1233 2206 Ita
1255 2181 1332 2206 non
1363 2167 1519 2206 dubitat
1550 2169 1643 2218 quin
1675 2168 1818 2206 amicus

337 2237 544 2287 quaerendo
595 2239 782 2275 inveniat.
871 2237 962 2275 Pius
1017 2237 1161 2286 aliique
1219 2233 1387 2284 „habes“
1439 2236 1668 2283 voluerunt3
1720 2234 1820 2273 illud

335 2309 440 2342 recte
471 2308 605 2342 tuetur
635 2305 740 2342 Brix.
773 2307 873 2343 Ann.
904 2305 1000 2355 phil.
1037 2304 1199 2343 CXXIII
1231 2318 1269 2354 p.
1303 2306 1367 2343 50.
1428 2301 1473 2342 in
1502 2301 1667 2352 mundo,
1700 2317 1737 2341 v.
1770 2302 1820 2340 ad

337 2375 445 2418 Asin..
472 2374 565 2410 262.
611 2393 666 2398 --
704 2375 755 2411 46
781 2387 837 2424 sq.
864 2373 999 2420 Immo,
1030 2373 1244 2423 respondet
1277 2371 1379 2422 Sag„
1411 2385 1489 2410 non
1519 2371 1624 2408 domi
1655 2374 1724 2420 est,
1753 2369 1820 2408 sed

340 2441 474 2479 sedulo
507 2454 689 2490 quaeram.
723 2461 776 2465 —
806 2439 940 2490 recipe
973 2441 1008 2478 te
1039 2438 1095 2479 acl
1122 2451 1196 2494 me,
1230 2440 1276 2478 cf.
1311 2441 1374 2478 52.
1445 2439 1540 2477 Eius
1571 2452 1695 2490 opera
1723 2451 1820 2490 opus

339 2522 432 2556 esse,
466 2508 695 2545 videbimus.
727 2528 781 2533 —
808 2510 873 2547 48.
905 2509 1065 2546 Toxilus
1093 2510 1254 2546 amicam
1287 2512 1384 2556 orat,
1416 2512 1461 2545 ut
1492 2507 1620 2545 denuo
1651 2510 1819 2557 quaerat3

339 2577 406 2614 ille
450 2576 681 2625 respondet,
735 2589 773 2612 se
818 2576 858 2612 id
903 2589 1036 2625 agere,
1090 2576 1205 2614 modo
1250 2575 1399 2625 aliquid
1451 2577 1626 2612 invenire
1671 2576 1818 2625 possit3

339 2644 511 2690 Toxilus,
546 2657 593 2680 ne
625 2642 777 2680 dubitet
809 2645 976 2692 amicus,
1018 2646 1113 2694 quin
1143 2645 1300 2682 maximi
1332 2644 1408 2680 sibi
1445 2657 1507 2680 res
1538 2644 1722 2682 momenti
1758 2644 1820 2691 sit,

341 2725 476 2762 preces
507 2712 663 2760 repetit.
734 2711 778 2748 In
816 2711 917 2749 hunc
956 2725 1110 2750 sensum
1150 2717 1189 2750 et
1224 2724 1408 2763 personas
1440 2711 1622 2749 distribui
1661 2715 1701 2749 et
1728 2708 1820 2761 Ayo

342 2790 413 2830 (²90
444 2777 488 2817 id
517 2780 667 2829 scripsi.
730 2779 808 2816 Alii
841 2781 966 2826 aliter,
999 2781 1108 2818 velut
1137 2780 1272 2818 Goetz.
1303 2781 1390 2817 Act.
1424 2780 1531 2830 Lips.
1564 2779 1615 2816 IV
1646 2793 1684 2830 p.
1719 2781 1819 2819 351:
