2009 3218
394 204 477 243 480
1053 200 1213 236 Rudens.

393 331 484 377 exit,
517 329 726 381 Sceparnio
759 330 914 379 cogitur
943 343 1081 367 urnam
1112 331 1218 367 intro
1249 330 1364 378 ferre,
1395 344 1473 368 non
1502 331 1541 367 in
1573 331 1700 380 ipsum
1725 331 1870 379 fanum,

392 399 460 435 sed
490 400 529 435 in
560 411 689 435 aream
720 410 831 435 muro
864 397 1161 445 circumdatam,
1193 399 1348 446 τέμενος,
1390 397 1457 434 ubi
1487 397 1620 434 fanum
1652 398 1770 435 situm
1801 400 1871 435 est.

505 601 598 638 474.
639 600 864 638 Adveniunt
894 602 982 639 leno
1013 605 1052 639 et
1082 602 1226 652 hospes
1258 603 1356 639 eius.
1417 611 1501 639 esse
1531 601 1576 638 R.
1609 600 1774 648 addidit,
1805 601 1874 638 sed
1931 602 1935 607 '

393 671 483 705 ante
525 666 675 716 „sese“.
718 688 772 693 —-
808 670 902 707 475.
944 669 1138 718 aetatem,
1181 670 1324 715 vitam,
1365 669 1411 706 cf.
1442 669 1491 705 ad
1521 668 1661 717 Amph.
1697 669 1802 706 1016
1835 672 1876 706 et

391 736 501 784 Capt.
536 737 628 774 879.
668 755 720 761 —-
758 738 851 774 477.
899 734 971 775 Ad
1005 734 1088 775 hoc.
1149 737 1230 775 FL:
1282 736 1405 784 „Eum
1437 736 1487 772 ad
1517 734 1631 774 hoc“.
1679 754 1733 761 —-
1777 737 1871 775 479.

390 813 481 841 cum
511 800 692 841 Hercule
722 803 980 843 Camerarius.
1055 805 1146 843 Haec
1177 818 1253 854 quo
1285 807 1484 855 spectent,
1524 805 1767 853 ignoramus,
1806 804 1875 842 sed

390 873 586 909 sententia
616 874 709 909 satis
741 872 856 910 clara.
917 873 1100 911 Fortasse
1132 874 1338 911 dicterium
1371 872 1531 921 aliquod
1563 873 1752 909 comicum
1777 871 1872 920 fuit3

390 953 479 976 nam
503 943 548 976 ut
573 940 677 990 apud
694 940 854 979 Lucian.
873 940 992 980 Merc.
1018 942 1129 979 cond.
1157 943 1206 979 23
1237 940 1416 978 Libertas
1440 941 1514 983 viri
1537 941 1578 977 in
1610 940 1742 978 divitis
1773 939 1874 978 aedes

389 1021 601 1058 numquam
630 1009 778 1046 intrare
811 1009 974 1056 dicitur,
1021 1010 1078 1046 ita
1116 1009 1214 1046 alius
1246 1008 1409 1055 diceret,
1456 1021 1541 1046 eam
1579 1010 1618 1046 in
1658 1021 1796 1046 navem
1825 1021 1873 1046 ne
1980 1004 1997 1051 “·,

391 1076 594 1113 Herculem
626 1077 783 1125 quidem
815 1077 1013 1123 comitari;
1046 1076 1101 1114 ibi
1133 1077 1232 1114 enim
1263 1089 1364 1114 unus
1397 1076 1622 1114 dominatur
1652 1077 1764 1114 navis
1793 1089 1872 1114 ma-

391 1145 528 1193 gister,
577 1147 616 1181 et
647 1144 751 1194 quod
782 1146 939 1192 gravius
972 1147 1050 1191 est,
1097 1146 1208 1182 navis
1238 1146 1277 1181 in
1307 1148 1406 1182 mari
1436 1145 1706 1194 navigantium
1743 1156 1874 1182 carcer

390 1216 458 1249 est.
520 1212 706 1250 Fortasse
736 1212 868 1250 fabula
898 1213 972 1250 fuit-
1003 1213 1133 1262 aliqua
1159 1212 1404 1260 Prodiciana,
1439 1226 1516 1262 qua
1538 1213 1758 1259 Herculem,
1786 1225 1872 1250 cum

390 1282 429 1318 in
459 1280 590 1317 Asiam
623 1281 846 1330 navigaret,
893 1280 961 1317 ubi
992 1279 1193 1330 Omphalae
1225 1283 1571 1329 servsturuserat,
1618 1281 1802 1319 Libertas
1831 1293 1873 1318 se

389 1350 662 1386 comitaturam
700 1352 874 1398 negaret.
949 1349 1146 1386 Meursius
1184 1349 1243 1386 his
1280 1350 1538 1398 contemptim
1577 1349 1730 1386 reiectis
1770 1349 1871 1386 anti-

389 1430 552 1466 quarum
586 1416 800 1453 editionum
828 1417 1062 1466 scripturam
1088 1416 1415 1466 amplectebatur:
1451 1417 1649 1465 „Uoluisti
1672 1418 1713 1454 in
1737 1429 1872 1454 navem

389 1498 537 1522 mecum
569 1484 698 1522 hercle
728 1498 806 1522 una
836 1482 1077 1535 imponere“.
1155 1483 1362 1532 „Iocatur“
1403 1486 1534 1535 inquit
1576 1485 1688 1532 „leno
1724 1486 1764 1521 in
1801 1485 1871 1522 mi·
1907 1495 1912 1500 ·
1980 1495 1985 1504 “

390 1555 493 1591 seria
522 1566 610 1600 sua,
658 1553 789 1590 dicens
826 1567 866 1591 se
908 1554 1125 1590 mendicum
1163 1554 1309 1590 factum
1341 1554 1596 1603 amisisseque
1628 1566 1760 1591 omnes
1790 1553 1870 1590 for-

388 1625 501 1659 tunas
531 1634 620 1659 suas
651 1621 854 1670 naufragio
879 1626 1024 1670 praeter
1048 1621 1280 1668 libertatem,
1315 1634 1400 1671 quae
1424 1635 1556 1659 secum
1581 1622 1720 1672 pedem
1744 1621 1873 1660 navim

389 1691 533 1727 inferre
585 1686 808 1727 noluerat“.
905 1689 997 1735 Quae
1043 1689 1353 1728 Fleckeisenium
1405 1689 1572 1740 probare
1626 1689 1873 1727 vehementer

388 1759 523 1796 miror.
561 1777 617 1784 -
656 1759 749 1796 481.
780 1753 938 1806 Atque,
970 1771 1004 1795 v.
1039 1758 1088 1794 ad
1119 1758 1227 1796 Pers.
1262 1759 1354 1795 234.
1394 1778 1450 1783 —
1487 1758 1581 1796 483.
1621 1757 1715 1796 Post
1747 1753 1872 1807 prims·

391 1836 515 1876 quam
553 1826 683 1864 hiatus
721 1828 759 1863 in
799 1839 965 1872 caesura3
1026 1825 1107 1863 Fl.:
1165 1826 1348 1872 „Utinam
1379 1830 1440 1874 tu,
1487 1827 1596 1876 prius
1634 1836 1749 1876 quam
1787 1821 1870 1864 te“.

393 1894 528 1931 Muell.
565 1892 797 1944 „umquam“
833 1898 900 1931 aut
935 1891 1146 1943 „usquam“
1189 1895 1370 1932 addebat.
1411 1913 1465 1918 —
1501 1895 1595 1931 484.
1632 1889 1870 1943 permen-3,

389 1964 557 2011 perires,
603 1977 639 2000 v.
673 1963 719 1999 ad
753 1962 864 2000 Cure.
901 1963 990 1999 141.
1030 1982 1084 1987 —
1130 1963 1225 2000 486.
1273 1962 1366 2000 tuas
1404 1961 1509 2000 Cam.
1550 1962 1638 2000 add.
1678 1980 1732 1987 —-
1777 1961 1870 2000 491.

394 2026 525 2078 Quid.
546 2060 552 2067 .
572 2059 580 2067 .
599 2026 873 2068 auscultatio?
910 2043 978 2068 cur
1008 2031 1080 2068 tibi
1113 2030 1357 2068 auscultavi?
1389 2045 1423 2068 v.
1457 2031 1507 2068 ad
1536 2029 1679 2079 Amph.
1708 2031 1871 2067 515.—

388 2094 577 2140 scelesto,
618 2113 653 2136 v.
687 2098 736 2135 ad
766 2098 873 2135 Asin.
908 2099 1000 2136 473.
1043 2119 1091 2124 —
1133 2100 1227 2136 492.
1271 2094 1399 2137 abitio
1437 2098 1524 2136 edd.
1568 2119 1615 2124 —
1657 2098 1750 2136 494.
1797 2092 1871 2135 tibi

389 2165 494 2204 Cain.
527 2186 581 2190 —
613 2168 705 2205 495.
739 2162 885 2213 scelus,
927 2167 973 2203 cf.
1001 2167 1050 2204 ad
1074 2167 1212 2204 Bacch.
1244 2168 1361 2205 1092.
1394 2186 1450 2192 —
1487 2167 1580 2204 498.
1627 2162 1866 2216 „quondam“

389 2234 462 2271 del.
495 2234 602 2271 Reiz.
665 2235 727 2272 est
754 2235 999 2284 transposuit
1028 2233 1086 2272 Fl.
1148 2234 1259 2272 Notae
1300 2239 1391 2272 sunt
1427 2234 1569 2272 fabulae
1609 2235 1656 2272 de
1697 2230 1873 2284 Thyeste

389 2306 428 2339 et
461 2299 585 2340 Tereo
617 2316 707 2339 suos
738 2304 833 2353 ipsis
864 2302 963 2340 filios
995 2302 1300 2341 comedentibus.
1338 2323 1383 2328 —
1419 2304 1513 2341 499.
1549 2298 1668 2341 Perii
1697 2302 1784 2340 edd.
1816 2319 1871 2327 --·

389 2367 526 2408 animo
556 2367 661 2408 male
689 2367 750 2418 fi't,
788 2369 1005 2419 „significat
1036 2383 1075 2408 se
1107 2368 1360 2409 vomiturire“
1396 2370 1546 2418 Lamb.‚
1580 2384 1615 2408 v.
1649 2370 1698 2408 ad
1728 2369 1866 2419 Amph.

394 2439 511 2476 1074,
541 2457 597 2462 —
637 2439 728 2476 500.
769 2438 892 2488 Optat
928 2442 974 2476 ut
1003 2439 1193 2477 vomendo
1232 2441 1359 2489 ipsum
1390 2439 1611 2488 pulmonem
1643 2439 1784 2475 eiiciat.
1815 2455 1869 2462 —

390 2507 480 2543 50ss.
518 2506 650 2554 „Iocus
683 2521 729 2544 ex
761 2507 960 2556 ambigam
992 2503 1153 2545 salsum
1184 2509 1285 2545 enim
1318 2512 1356 2544 et
1388 2508 1579 2544 urbanum
1611 2505 1806 2554 signifieat
1829 2508 1869 2542 et

389 2587 489 2622 aqua.
519 2575 669 2611 marina
700 2574 930 2612 imbutum“.
973 2575 1105 2613 Lamb.
1138 2595 1192 2600 —
1225 2576 1318 2614 508.
1355 2572 1483 2621 „Das“
1519 2578 1759 2624 corruptum,
1800 2583 1869 2610 neo

389 2642 601 2691 quidquam
627 2643 878 2692 profecerunt
904 2646 970 2680 aut
993 2645 1148 2693 antiqui
1172 2643 1257 2681 edd.
1289 2643 1372 2690 „Du
1397 2656 1492 2692 quas
1517 2640 1601 2680 res“
1631 2646 1699 2679 aut
1724 2640 1867 2679 Dissal-

388 2711 481 2747 drus
518 2710 647 2756 „Meas
679 2714 841 2761 tuasque
873 2710 957 2748 res‘⁴
999 2713 1224 2749 scribentes.
1293 2707 1385 2748 Eas
1424 2711 1549 2758 Cam.⁷
1597 2711 1713 2760 idque
1751 2710 1867 2746 etiam

388 2779 424 2815 in
460 2780 488 2815 A
522 2779 684 2828 legitur3
730 2779 795 2815 sed
838 2793 883 2816 ne
926 2779 997 2816 hoc
1035 2779 1192 2828 quidem
1232 2792 1366 2816 sanum
1399 2783 1477 2825 est;
1524 2792 1610 2816 nam
1645 2791 1713 2815 nec
1749 2772 1862 2825 „eas“
