2009 3218
97 984 188 1051 uaec
223 1011 354 1049 fabula
389 1011 429 1048 in
467 1010 724 1048 describendo
764 1010 868 1048 felici
909 1011 947 1047 in
988 1011 1158 1061 patriam
1196 1011 1327 1048 reditu
1366 1015 1406 1048 et
1436 1012 1573 1049 hilari-

96 1083 175 1118 tate
204 1092 288 1117 cum
321 1092 367 1117 eo
399 1079 605 1116 coniuncta
635 1081 825 1116 versatur.
888 1077 985 1115 Duae
1017 1091 1169 1116 sorores
1200 1078 1352 1117 duobus
1386 1079 1575 1117 fratribus

95 1151 314 1198 nupserant.
374 1146 425 1184 Hi
464 1158 583 1194 quum
620 1147 659 1184 in
690 1148 784 1184 luxu
815 1150 855 1184 et
884 1146 1155 1196 voluptatibus
1187 1147 1375 1194 degentes
1406 1161 1489 1185 rem
1519 1148 1575 1186 fa-

97 1216 279 1254 miliarem
308 1215 592 1265 perdidissent,
631 1215 851 1252 maledictis
882 1215 1009 1253 soceri
1029 1216 1240 1262 commoti,
1282 1219 1326 1253 ut
1356 1220 1577 1254 mercatura

96 1297 174 1322 rem
195 1287 483 1334 recuperarent,
515 1295 680 1333 peregre
704 1283 894 1321 abierant.
942 1284 1118 1321 Tertium
1141 1284 1220 1321 iam
1245 1297 1390 1321 annum
1421 1285 1575 1332 absunt,

96 1365 162 1391 uec
197 1351 288 1402 quid
327 1352 374 1389 iis
415 1352 562 1389 factum
595 1352 646 1389 sit
676 1355 840 1389 constat.
902 1351 1020 1389 Pater
1051 1365 1191 1389 avarus
1222 1351 1322 1390 filias
1353 1354 1464 1390 novis
1494 1367 1574 1390 ma-

95 1420 284 1459 trimoniis
323 1421 483 1469 iungere
522 1420 674 1468 studet,
720 1419 788 1457 sed
823 1432 967 1457 uxores
1004 1419 1186 1458 fidelibus
1225 1422 1362 1458 animis
1402 1422 1577 1459 virorum

44 1513 49 1516 -
96 1487 257 1526 reditum
288 1492 529 1538 exspectant.
589 1488 670 1526 Nec
701 1490 960 1526 constantiam
996 1488 1208 1526 frustratur
1239 1502 1367 1526 rerum
1400 1494 1575 1527 eventus.

97 1555 188 1594 Nam
219 1556 309 1594 dum
340 1558 554 1594 arcessitur
583 1558 805 1607 parasitus,
837 1560 882 1594 ut
913 1556 962 1594 ad
993 1561 1150 1607 portum
1183 1558 1386 1604 mittatur,
1419 1559 1451 1595 si
1483 1557 1576 1607 quid

97 1626 183 1664 novi
226 1625 429 1675 explorare
468 1627 615 1676 possit,
662 1639 798 1663 servus
837 1639 858 1662 a
895 1628 1012 1675 portu
1050 1625 1158 1662 venit
1203 1625 1370 1663 alterum
1415 1626 1577 1663 fratrem

97 1693 170 1730 iam
198 1693 343 1731 redisse
373 1696 576 1741 nuntians,
614 1694 782 1731 alterum
814 1706 905 1730 mox
935 1693 1168 1730 rediturum.
1236 1693 1416 1732 Redeunt
1447 1699 1577 1731 autem

98 1773 138 1799 re
173 1760 267 1799 bene
306 1765 416 1812 gesta
454 1762 684 1811 magnisque
722 1762 848 1811 partis
887 1761 1045 1811 opibus,
1091 1765 1135 1799 ut
1172 1774 1248 1799 non
1286 1775 1428 1800 uxores
1475 1763 1577 1801 solas

99 1841 240 1868 summa
264 1829 435 1868 afficiant
458 1830 608 1877 laetitia,
636 1829 704 1867 sed
729 1830 846 1867 etiam
871 1843 955 1866 cum
980 1843 1116 1867 socero
1140 1830 1324 1867 facillime
1348 1832 1387 1867 in
1412 1832 1576 1880 gratiam

97 1896 262 1936 redeant.
322 1897 542 1945 Parasitus,
575 1910 652 1947 quo
683 1899 787 1935 socio
818 1901 858 1935 et
888 1897 1067 1935 adiutore
1099 1912 1179 1936 rem
1212 1899 1444 1945 amiserant,
1478 1899 1577 1936 ludi-

98 1963 179 2004 brio
214 1965 369 2004 habitus
409 1966 634 2015 ablegatur-3
681 1966 837 2004 Stichus
879 1970 1009 2004 autem
1050 1979 1205 2013 servus,
1252 1969 1320 2016 qui
1358 1967 1495 2005 herum
1537 1968 1578 2005 in

98 2032 230 2071 itinere
261 2035 467 2073 comitatus
498 2040 599 2081 erat,
639 2034 736 2072 cado
775 2035 856 2072 vini
894 2035 1082 2083 donatur,
1121 2049 1197 2084 quo
1228 2049 1269 2073 se
1300 2039 1339 2072 et
1369 2049 1578 2074 conservos

99 2100 278 2148 oblectet,
323 2104 532 2153 fabulaque
564 2103 612 2141 ab
650 2104 765 2141 anxia
795 2116 972 2141 sororum
1003 2103 1266 2141 sollicitudine
1298 2117 1387 2142 orsa
1416 2106 1455 2141 in
1488 2117 1576 2141 con-

99 2169 198 2208 vivio
227 2174 264 2208 et
294 2173 567 2210 comissatione
597 2184 798 2209 servorum
830 2173 1073 2209 terminatur.

205 2238 317 2285 Quod
354 2240 475 2288 igitur
515 2239 750 2278 Plutarchus
788 2240 828 2276 in
866 2240 909 2277 L.
952 2239 1107 2277 Luculli
1145 2241 1227 2277 vita
1268 2237 1318 2288 (c.
1353 2237 1422 2289 39)
1464 2240 1578 2278 huius

98 2305 336 2357 imperatoris
367 2309 486 2347 vitam
518 2322 604 2346 cum
635 2311 796 2358 antiqua
827 2308 1025 2346 comoedia
1056 2311 1270 2358 comparat,
1303 2308 1411 2346 cuius
1442 2310 1578 2358 priora

99 2385 157 2413 res
184 2375 359 2426 publicas
389 2381 429 2414 et
454 2377 624 2423 bellicas,
658 2377 877 2426 posteriora
908 2389 1021 2413 cenas
1052 2379 1091 2413 et
1121 2377 1299 2415 convivia
1329 2380 1367 2414 et
1398 2377 1577 2414 comissa·

101 2443 220 2482 tiones
249 2457 334 2482 cum
366 2445 517 2482 facibus
549 2448 588 2482 et
617 2447 721 2482 omni
753 2445 839 2483 lusu
871 2445 1033 2491 habeat,
1080 2445 1121 2482 id
1161 2447 1277 2483 etiam
1317 2445 1365 2483 ad
1404 2444 1577 2483 Stichum

100 2508 310 2550 Plautinam
357 2515 601 2560 conveniret,
649 2513 764 2551 modo
811 2525 858 2549 ex
902 2513 1134 2551 recentioris
1174 2513 1382 2551 comoediae
1427 2514 1578 2550 ratione

99 2578 254 2627 privatae
293 2582 350 2618 rei
380 2595 491 2619 curas
528 2581 698 2632 publicis
735 2580 962 2618 substituas.
1038 2580 1113 2618 Sed
1152 2583 1328 2631 quamvis
1366 2583 1493 2619 exitus
1530 2581 1576 2619 ab

100 2643 207 2684 initio
231 2648 436 2700 discrepet,
460 2654 591 2687 tamen
615 2649 780 2699 simplex
804 2648 1014 2687 admodum
1041 2653 1098 2687 est
1122 2653 1408 2698 argumentum,
1434 2650 1578 2699 quippe

101 2714 200 2763 quod
227 2729 296 2755 nec
325 2717 449 2755 nodos
479 2719 678 2755 contineat
699 2730 900 2754 servorum
925 2718 1073 2755 astutia
1096 2717 1304 2756 solvendos
1329 2731 1399 2755 nec
1425 2730 1577 2755 errores

101 2792 146 2820 Ox
186 2783 298 2834 longa
340 2786 458 2823 turba
502 2790 542 2823 et
585 2785 852 2823 sollicitudine
896 2785 1052 2822 tandem
1104 2785 1209 2823 felici
1262 2798 1392 2823 rerum
1438 2789 1578 2823 eventu

1238 2854 1307 2895 33*
