2009 3218
337 198 413 236 160
1010 195 1127 230 Plauti
1534 195 1594 237 iv,
1621 197 1652 238 2,
1678 197 1812 248 58—'72

926 319 1219 362 Daemones

329 392 473 445 Gripe,
505 391 685 433 aduorte
717 391 917 433 animum.
978 391 1042 433 Tu
1074 393 1222 446 paucis
1255 391 1408 445 expedi
1440 391 1542 446 quid
1574 391 1781 445 postulas.

934 504 1214 546 Trachalio

327 577 423 618 Dixi
457 576 669 630 equidem,
701 575 774 617 sed
807 576 842 617 si
872 590 1023 630 parurn
1054 577 1279 628 intellexti,
1313 576 1454 618 dicam
1487 576 1641 627 denuo,
1728 588 1813 622 1090

328 648 466 690 Hasce
499 647 664 699 ambas,
698 653 747 689 ut
777 647 937 690 dudum
970 648 1069 700 dixi,
1101 649 1164 690 ita
1196 662 1288 691 esse
1319 653 1494 702 oportet
1523 648 1696 690 liberas.

328 720 446 761 Haec
480 718 657 761 Athenis
689 733 828 773 parua
858 719 940 761 fuit
970 720 1093 772 uirgo
1125 724 1341 774 surrupta.

974 832 1174 884 Gripus

1413 905 1639 952 Dic-mihi,

328 976 440 1026 Quid
472 976 514 1017 id
547 975 602 1017 ad
633 975 826 1017 uidulum
859 977 1058 1030 pertinet,
1092 990 1244 1019 seruae
1277 978 1364 1019 sint
1395 978 1505 1019 istae
1537 991 1591 1018 an
1617 976 1811 1019 liberae?

928 1090 1208 1131 Trachalio

332 1161 487 1204 Omnia
516 1162 674 1202 iterum
706 1161 772 1202 uis
804 1162 1049 1212 memorari,
1080 1161 1232 1213 scelus,
1265 1166 1311 1202 ut
1343 1161 1473 1202 defiat
1505 1162 1606 1202 dies.

930 1278 1219 1321 Daemones
1256 1323 1259 1325 ,

329 1350 508 1393 Abstine
541 1349 782 1392 maledictis
814 1355 856 1392 et
887 1350 992 1392 mihi
1024 1349 1139 1404 quod
1171 1351 1323 1404 rogaui
1355 1349 1484 1391 dilue.
1728 1361 1814 1395 1095

929 1453 1206 1494 Trachalio

330 1523 549 1566 Cistellam
580 1524 653 1566 isti
685 1525 828 1566 inesse
862 1528 1033 1578 oportet
1065 1524 1274 1566 caudeam
1305 1525 1348 1566 in
1380 1525 1465 1566 isto
1497 1523 1656 1572 nidulo,

326 1595 409 1638 Ubi
442 1600 542 1638 sunt
573 1597 693 1650 signa
725 1597 797 1650 qui
830 1597 1021 1650 parentis
1053 1610 1230 1638 noscere
1263 1596 1371 1637 haec
1403 1597 1541 1650 possit
1573 1610 1684 1647 suos,

328 1668 590 1718 Quibuscum
624 1682 763 1721 parua
794 1668 972 1710 Athenis
1006 1669 1146 1722 periit,
1178 1669 1305 1710 sicuti
1337 1668 1423 1709 dixi
1454 1669 1584 1722 prius.

974 1770 1070 1812 Gri
1119 1785 1173 1812 as

326 1842 520 1896 Iuppiter
550 1847 593 1885 te
627 1843 754 1897 dique
786 1843 986 1896 perdant!
1043 1785 1155 1892 Qiiid
1189 1845 1264 1893 ais,
1297 1843 1364 1883 uir
1395 1842 1610 1884 uenefioe'?

328 1913 453 1966 Quid,
477 1915 587 1957 istae
604 1919 750 1957 mutae
768 1919 879 1966 sunt⁷
905 1928 1016 1969 quae
1034 1928 1112 1969 pro
1134 1929 1179 1957 se
1197 1914 1383 1956 fabulari
1400 1929 1482 1956 non
1502 1914 1691 1969 queant?
1726 1924 1813 1958 1100

929 2016 1206 2058 Trachalio

328 2088 390 2129 Eo
415 2092 574 2140 tacent,
601 2088 702 2142 quia
725 2089 860 2130 tacita
885 2088 1000 2130 bona
1031 2089 1112 2130 erit
1138 2088 1290 2130 mulier
1317 2101 1497 2142 semper,
1529 2088 1596 2130 uir
1619 2088 1811 2141 loquens.

970 2190 1171 2243 Gripus

329 2261 436 2303 Tum
470 2262 538 2316 pol
570 2268 616 2305 tu
649 2277 727 2317 pro
758 2264 954 2306 oratione
985 2277 1064 2305 nec
1095 2264 1162 2305 uir
1192 2276 1272 2305 neo
1305 2262 1458 2304 mulier
1488 2262 1593 2304 mihi
1625 2276 1682 2304 es.

931 2365 1208 2407 Trachalio

331 2435 412 2485 Qui
446 2436 575 2478 dum?

443 2596 529 2629 1093
554 2595 607 2629 ita
632 2593 675 2637 Β,
702 2594 771 2628 ista
797 2593 825 2628 C
942 2594 1132 2638 pertinent
1157 2592 1186 2628 G
1312 2594 1396 2627 1096
1420 2593 1502 2627 istic
1631 2591 1810 2636 gaudeam

330 2651 402 2685 isto
428 2650 474 2694 B,
499 2650 678 2694 gaudeam
707 2650 736 2685 C
814 2652 898 2685 1098
923 2651 1032 2696 periit
1057 2650 1202 2685 athenis
1273 2649 1376 2684 Siout
1401 2649 1429 2684 C
1499 2650 1584 2684 1099
1608 2649 1752 2694 Iupiter
1775 2647 1810 2683 Β

332 2709 414 2742 1101
450 2708 584 2742 bonust
619 2708 751 2741 melior
785 2718 891 2751 seper
922 2719 1030 2752 quam
1069 2708 1223 2751 loquens
1248 2706 1310 2751 B‚'
1344 2706 1471 2741 bonast
1503 2706 1636 2741 mulier
1667 2716 1810 2750 semper

331 2775 437 2808 quam
467 2765 621 2808 loquens
650 2764 699 2799 Ο·
771 2765 856 2798 1102
882 2765 1118 2808 proportione
