2009 3218
312 179 394 217 408
1015 175 1139 210 Plauti
1588 176 1631 219 v,
1658 175 1790 210 52—61

853 299 1254 354 Stratophanes

1178 371 1356 414 Abstine
1387 373 1498 415 istac
1528 377 1575 415 tu
1607 387 1792 416 manum.

940 450 1172 492 Strabax

317 522 406 562 Iam
438 521 582 563 hercle
613 513 708 563 eum
740 536 894 575 magno
924 522 1033 564 malo
1063 527 1111 564 tu
1143 523 1316 576 uapula,
1346 525 1414 564 uir
1444 528 1656 566 strenuus.
1684 553 1687 555 -
1731 536 1798 570 935

858 611 1260 666 Stratophanes

317 682 428 724 Dedi
460 696 538 736 ego
568 682 669 725 huic
699 698 864 726 aurum.

945 761 972 803 S
982 766 1030 803 tr
1041 776 1065 803 a
1076 762 1103 804 b
1115 776 1177 804 ax

792 835 848 876 At
878 848 957 888 ego
990 839 1227 887 argentum.

862 928 1262 983 Stratophanes

1101 1000 1155 1041 At
1187 1015 1264 1053 ego
1295 1001 1452 1054 pallam
1484 1005 1527 1044 et
1549 1016 1801 1057 purpuram.

940 1079 967 1121 S
981 1084 998 1120 t
1010 1093 1030 1120 r
1040 1093 1066 1120 a
1078 1079 1103 1121 b
1118 1093 1143 1121 a
1154 1095 1180 1120 x

323 1153 378 1193 At
409 1166 485 1204 ego
517 1166 620 1193 oues
653 1156 696 1193 et
726 1152 867 1192 lanam
901 1156 944 1192 et
975 1151 1060 1193 alia
1091 1151 1239 1203 multa,
1272 1166 1395 1207 quae
1415 1158 1575 1206 poscet,
1605 1153 1732 1195 dabo.

325 1223 476 1265 Melius
507 1229 549 1265 te
583 1224 709 1264 minis
741 1229 905 1265 certare
938 1237 1103 1265 mecum
1135 1238 1264 1277 quam
1296 1224 1503 1266 minaciis.

886 1314 917 1356 P
928 1314 956 1356 h
968 1329 989 1356 r
999 1329 1022 1357 o
1036 1329 1063 1356 n
1073 1328 1095 1356 e
1109 1329 1128 1356 s
1140 1315 1191 1356 iu
1203 1329 1242 1356 m

328 1385 515 1440 Lepidus
546 1390 714 1433 ecastor
744 1386 965 1436 mortali’s,
997 1387 1054 1427 mi
1084 1386 1270 1429 Strabax
1283 1403 1292 1439 3
1324 1401 1459 1441 perge·
1483 1387 1672 1430 obsecro.

907 1477 942 1518 A
952 1491 971 1519 s
981 1482 1000 1518 t
1009 1491 1070 1530 ap
1081 1477 1109 1518 h
1121 1478 1134 1518 i
1148 1488 1173 1518 u
1184 1491 1226 1518 m

328 1549 494 1591 Stultus
523 1555 653 1603 atque
681 1550 856 1591 insanus
881 1549 1047 1591 damnis
1063 1553 1267 1601 .certant;
1300 1564 1378 1592 nos
1395 1550 1542 1592 saluae
1560 1564 1716 1592 sumus.
1742 1562 1810 1596 940

951 1639 1183 1682 Strabax

328 1713 415 1766 Age
447 1713 562 1766 prior
594 1717 794 1767 prompta
825 1712 1002 1766 aliquid.

867 1792 1270 1845 Stratophanes

1074 1863 1209 1906 Immo
1240 1868 1287 1906 tu
1320 1864 1437 1919 prior
1468 1864 1599 1919 perde
1631 1868 1674 1906 et
1703 1846 1829 1919 peri..

955 1942 981 1984 S
993 1947 1012 1984 t
1021 1957 1042 1984 r
1053 1958 1077 1984 a
1088 1943 1114 1984 b
1125 1957 1152 1985 a
1160 1959 1187 1984 x

331 2015 407 2056 Em
437 2015 517 2056 tibi
551 2016 759 2057 talentum
793 2030 922 2069 arg-en
929 2016 974 2056 ti.
1187 2026 1189 2028 ·

869 2095 1272 2150 Stratophanes

1023 2167 1289 2222 Philippeum
1321 2180 1419 2208 ecce
1451 2170 1548 2208 tene
1577 2166 1669 2208 t‘ibi.

894 2247 1247 2289 Phronesium

330 2319 468 2360 Tanto
502 2319 662 2361 melior.
723 2319 880 2362 Noster
912 2324 1018 2370 esto,
1051 2319 1126 2361 sed
1158 2319 1210 2360 de
1242 2322 1388 2360 nostro
1420 2319 1571 2360 uiuito.

444 2479 510 2512 935
535 2477 657 2512 hercle
682 2478 751 2512 iam
780 2490 912 2523 magno
939 2482 976 2513 tu
1003 2480 1074 2523 (tut
1098 2477 1149 2522 Β)
1259 2477 1415 2512 strenuis
1440 2476 1475 2510 B
1588 2477 1654 2511 936
1678 2475 1811 2509 mirum

446 2539 505 2569 eat
530 2535 634 2579 apale
660 2547 786 2579 puram
879 2538 944 2571 937
970 2537 1044 2570 etia
1068 2547 1151 2570 nam
1241 2534 1426 2578 multaque
1452 2537 1575 2568 roscet
1669 2532 1754 2566 dolii
1777 2530 1813 2566 Β

331 2593 398 2627 938
423 2592 590 2627 minister
683 2596 822 2629 certare
847 2593 881 2627 B
967 2594 1132 2628 minaeus
1224 2593 1290 2626 939
1313 2590 1479 2625 mortalis
1504 2593 1558 2624 est
1583 2589 1739 2624 Strabax
1763 2587 1812 2623 mi

332 2652 399 2685 940
424 2650 548 2685 Snltus
573 2649 607 2684 Β
689 2650 818 2684 danuis
901 2651 1000 2685 salue
1083 2650 1196 2684 sumis
1220 2647 1256 2682 B
1337 2648 1399 2682 941
1428 2647 1517 2681 tirot
1540 2646 1586 2688 B,
1610 2650 1767 2690 tyranno
1787 2643 1817 2679 0

424 2707 504 2751 prio
529 2705 565 2741 Β
656 2707 723 2740 942
749 2706 838 2740 Hem
866 2707 894 2741 U
1006 2707 1080 2741 tale
1107 2710 1225 2741 actum
1338 2703 1557 2748 philippices
1583 2707 1639 2738 est
1747 2701 1813 2736 948

334 2764 398 2799 sed
424 2768 461 2798 et
485 2768 610 2798 uestro
