2009 3218
321 198 403 235 414
1002 191 1124 226 Persa.

319 323 375 359 ita
398 321 664 368 Ladewigium
697 319 862 358 offendit
886 316 1099 369 (Philolog.
1116 319 1228 356 XVII
1253 332 1289 369 p.
1309 320 1388 357 474
1406 316 1522 368 sqq.)‚
1553 323 1598 356 ut
1627 321 1814 368 priorem-

321 391 402 427 eius
443 392 594 438 partem
636 388 767 425 multis
805 388 953 425 lacunis
992 387 1170 424 laborare
1213 391 1406 433 censeret,
1453 388 1492 423 in
1533 389 1640 424 exitu
1671 392 1797 425 autem

319 462 409 506 post-
440 456 639 494 venditam
669 457 837 505 parasiti
868 455 988 492 filiam
1019 455 1238 503 argumenti
1270 455 1466 491 enarratio
1503 458 1616 492 tanta
1645 455 1800 494 festina-

320 526 426 562 tione
464 524 755 574 praecipitatur,
798 528 841 560 ut
880 523 1115 560 Ritschelius
1157 518 1285 572 (praef.
1324 535 1361 570 p.
1393 518 1467 571 IX)
1510 536 1593 559 eam
1633 537 1799 571 scenam,

320 605 404 642 quae
435 592 552 640 vulgo
578 604 680 628 nona
704 595 932 628 numeratur
956 595 1064 627 actus
1091 591 1233 638 quarti,
1266 603 1287 626 a
1312 590 1559 627 diasceuasta
1581 591 1621 627 in
1645 590 1801 628 brevius

321 663 563 698 contractam
588 672 670 696 esse
695 663 898 696 statueret.
948 658 1132 695 Goetzius
1148 671 1240 694 vero
1257 653 1360 706 (Act.
1378 671 1454 695 soc.
1472 657 1608 707 philol.
1626 657 1731 707 Lips.
1750 659 1802 696 VI

321 743 358 778 p.
394 729 471 765 300
505 723 604 776 sqq.)
643 740 760 776 quum
794 727 1004 775 Ladewigii
1042 726 1306 763 dubitationes
1347 727 1460 774 parvi
1499 728 1687 762 momenti
1718 739 1801 764 esse

322 797 530 840 existimet,
563 797 618 831 ita
635 795 837 831 Ritschelii
863 796 1054 831 rationem
1081 794 1342 843 amplectitur,
1368 798 1410 830 ut
1434 795 1549 830 etiam
1572 795 1611 830 in
1636 795 1801 844 reliqua,

322 877 409 914 quae
439 876 593 900 scenam
631 876 751 912 supra
787 863 930 899 dictam
969 865 1164 911 sequitur,
1202 862 1344 899 fabulae
1380 865 1495 911 parte
1532 862 1705 898 eiusdem
1736 863 1802 899 ho-

321 933 435 969 minis
466 945 625 980 operam
657 935 841 978 agnoscat
873 931 1104 967 brevitatem
1142 931 1256 967 nimis
1287 931 1462 966 amantis.
1497 967 1503 971 ,
1532 929 1723 979 Equidem
1761 934 1805 967 ut

322 1013 424 1049 saepe
455 999 634 1036 addendo
659 999 864 1035 histriones
890 1004 929 1034 et
951 1000 1222 1045 grammaticos
1246 997 1437 1035 Plautinis
1461 997 1604 1035 fabulis
1627 1001 1803 1036 nocuisse

323 1068 449 1113 video,
482 1069 539 1104 ita
569 1068 844 1103 contractionis
874 1070 982 1103 certa
1012 1068 1189 1115 exempla
1219 1067 1391 1114 requiro,
1429 1079 1499 1102 nec
1538 1065 1631 1114 quid
1662 1067 1701 1102 in
1733 1066 1803 1103 hac

323 1150 363 1173 re
395 1138 476 1184 ipse
508 1135 671 1172 Plautus
702 1133 776 1171 sibi
807 1135 1049 1184 permiserit,
1091 1147 1149 1171 me
1179 1134 1277 1171 scire
1309 1132 1435 1170 credo.
1510 1133 1637 1180 Quare
1675 1134 1804 1171 dicere

323 1204 500 1246 sufficiat,
532 1207 577 1240 ut
609 1203 825 1239 Horatiano
857 1203 976 1239 verbo
1008 1206 1110 1248 utar,
1150 1203 1187 1239 in
1224 1202 1332 1238 nulla
1361 1202 1492 1239 fabula
1528 1203 1651 1250 magis
1689 1216 1803 1251 quam

323 1274 360 1310 in
401 1272 471 1308 hac
509 1271 603 1308 mihi
644 1270 826 1307 Plautum
866 1271 989 1307 videri
1026 1284 1104 1307 non
1143 1270 1334 1306 adstricto
1375 1282 1485 1307 socco
1522 1270 1678 1320 pulpita
1716 1283 1804 1319 per-

324 1353 490 1377 currere.
559 1338 670 1384 Quod
710 1342 840 1375 autem
878 1351 1002 1388 nuper
1040 1351 1116 1376 van
1146 1338 1338 1386 Ijsendijk
1367 1338 1538 1375 Batavus
1579 1334 1645 1387 (de
1674 1337 1805 1375 Plauti

290 1400 453 1453 'Persa¹
495 1407 665 1444 Traiecti
697 1406 746 1443 ad
778 1406 822 1443 R.
859 1404 982 1455 1884)
1023 1406 1180 1444 Persam
1222 1420 1269 1443 ex
1307 1407 1456 1443 duabus
1494 1406 1637 1443 fabulis
1677 1409 1803 1444 conta-

323 1478 509 1513 minatam
533 1488 628 1520 esse,
661 1478 700 1511 et
722 1475 762 1511 in
787 1474 922 1512 Graeco
947 1475 1157 1524 exemplari
1180 1487 1256 1512 non
1280 1488 1479 1512 servorum
1503 1474 1572 1511 sed
1593 1474 1806 1512 liberorum

322 1545 522 1582 hominum
554 1547 688 1592 partes
719 1544 839 1580 fuisse
869 1545 1161 1592 pronuntiavit,
1200 1543 1239 1579 id
1278 1544 1464 1580 novitatis
1495 1555 1610 1580 causa
1644 1555 1806 1581 comme-

324 1625 446 1657 moro,
479 1615 706 1660 argumenta
735 1612 816 1647 veri
848 1612 990 1648 similia
1027 1611 1217 1648 desidero.

439 1679 561 1717 Graeci
603 1680 774 1716 auctoris
812 1693 951 1716 nomen
981 1680 1198 1727 ignoratur.
1267 1678 1347 1716 Nec
1378 1679 1503 1726 magis
1534 1682 1698 1726 constat,
1730 1692 1807 1728 quo
1849 1687 1852 1693 '

326 1761 426 1785 anno
443 1748 578 1785 fabula
602 1747 733 1784 Romae
758 1751 845 1784 acta
860 1749 921 1784 sit.
984 1747 1228 1796 Ladewigius
1247 1747 1402 1796 quidem
1419 1742 1565 1795 (Ueber
1582 1747 1655 1784 den
1672 1747 1808 1784 Kanon
1835 1769 1840 1775 -

326 1803 612 1853 desVolcatius
635 1815 832 1864 Sedigitus
856 1830 892 1865 p.
914 1811 981 1864 39)
1007 1816 1054 1852 ad
1081 1829 1224 1852 annum
1246 1816 1322 1852 197
1349 1829 1382 1852 a.
1402 1814 1490 1851 Chr.
1507 1815 1628 1852 refert
1643 1820 1807 1865 propter

326 1885 507 1921 ludorum
539 1885 769 1920 circensium
799 1885 1031 1920 mentionem
1065 1879 1116 1930 (v.
1153 1884 1230 1921 200
1264 1888 1302 1920 et
1332 1881 1444 1930 435),
1480 1896 1577 1932 quos
1607 1883 1676 1920 illo
1707 1888 1807 1921 anno

326 1952 636 2002 magnificentius
667 1965 782 2000 quam
815 1953 910 1988 alias
942 1952 1068 1989 factos
1092 1965 1175 1989 esse
1205 1955 1341 1989 narrat
1370 1951 1505 1988 Livius
1531 1950 1714 1997 XXXIII,
1742 1952 1807 1998 25,

267 2039 270 2043 ’
326 2022 541 2071 praesertim
575 2033 691 2069 quum
726 2022 843 2057 etiam
883 2020 1024 2057 bellum
1057 2022 1291 2057 exstinctum
1321 2033 1356 2057 v.
1392 2021 1467 2057 751
1502 2031 1692 2069 regesque
1722 2018 1809 2056 Phi—

327 2090 457 2138 lippus
497 2092 537 2125 et
573 2088 732 2125 Attalus
771 2101 804 2125 v.
847 2089 925 2125 338
967 2092 1331 2126 commemorentur.
1407 2088 1500 2134 Quae
1539 2090 1670 2125 omnia
1698 2087 1810 2137 parvi

328 2158 514 2194 momenti
555 2169 637 2193 esse
668 2156 799 2194 docuit
835 2156 1021 2194 Goetzius
1059 2158 1099 2193 in
1131 2157 1231 2193 Mus.
1273 2157 1447 2194 Rhenan.
1485 2155 1596 2192 XXX
1635 2168 1672 2204 p.
1718 2155 1806 2192 162.

327 2225 403 2263 Sed
435 2225 556 2261 nihilo
588 2226 769 2273 graviora
807 2229 899 2262 sunt
929 2239 974 2262 ea
1004 2230 1245 2274 argumenta,
1287 2224 1430 2273 quibus
1458 2225 1541 2274 ipse
1572 2223 1743 2260 fabulam
1774 2236 1808 2260 a.

333 2295 408 2330 186
448 2298 572 2329 actam
612 2305 694 2329 esse
732 2293 901 2341 probare
938 2297 1125 2339 conatur,
1172 2293 1320 2330 scilicet
1363 2296 1527 2342 propter
1573 2292 1679 2330 illius
1718 2293 1809 2329 anni

328 2361 508 2397 ludorum
538 2363 774 2398 mentionem
807 2361 911 2410 apud
944 2360 1027 2398 Liv.
1058 2360 1240 2406 XXXIX,
1277 2361 1342 2397 22.

444 2497 698 2534 Personarum
745 2499 900 2534 nomina
945 2497 1082 2534 Graeca
1126 2501 1234 2542 sunt,
1291 2510 1337 2533 ne
1383 2492 1607 2534 Saturione
1651 2495 1807 2545 quidem

329 2569 510 2614 excepto,
558 2578 790 2614 quamquam
830 2565 990 2602 Plautus
1027 2566 1255 2613 Σατυρίωνα,
1301 2577 1377 2613 quo
1420 2566 1574 2602 nomine
1613 2565 1809 2614 parasitus

329 2634 572 2683 appellatur,
621 2633 774 2670 ridiculi
815 2647 932 2671 causa
963 2647 984 2670 a
1016 2634 1159 2670 Latino
1199 2632 1410 2678 adiectivo,
1458 2633 1562 2681 quod
1601 2636 1659 2670 est
1687 2635 1807 2677 satur,

329 2701 501 2747 deducit,
532 2705 574 2737 ut
607 2702 736 2747 aptius
768 2700 1015 2739 Essurionem
1049 2715 1133 2738 eum
1167 2701 1356 2751 appellari
1389 2700 1505 2746 dicat,
1544 2715 1578 2737 v.
1614 2701 1705 2737 104.
1763 2698 1807 2736 In

329 2770 447 2807 titulo
482 2784 513 2807 v.
548 2770 626 2807 328
659 2771 691 2805 A
728 2768 928 2817 „Satyrio“
967 2769 1094 2806 habet.
1155 2768 1378 2806 Graecorum
1409 2769 1607 2805 nominum
1638 2768 1808 2804 rationes
