2009 3218
757 224 796 258 V.
825 227 967 259 43—97.
1246 251 1254 260 .
1519 227 1598 266 567

116 368 154 406 p.
188 356 260 392 55:
311 367 414 402 ,‚nou
452 366 517 390 eos
548 356 709 404 optume
741 354 901 401 vixisse,
945 356 1011 403 qui
1043 354 1261 392 diutissime
1293 354 1500 401 vixissent,
1533 354 1598 391 sed

118 423 183 474 qui
214 419 539 460 modestissime“.
599 421 820 468 Acidalius,
860 435 972 471 quem
1013 422 1056 460 R.
1090 426 1180 459 cett.
1213 425 1442 472 sequuntur,
1474 425 1599 460 trans-

116 492 265 543 posuit:
316 493 385 538 „ut
423 489 490 527 diu
527 490 698 536 uiuitur,
745 489 844 527 bene
884 487 1073 536 uiuitur“,
1121 491 1232 542 quasi
1273 490 1467 527 sententia
1499 494 1601 527 esset

120 559 331 609 „optimam
377 559 496 596 vitam
543 571 627 595 esse
674 571 769 606 eam,
819 558 880 595 cui
927 559 1164 603 assueveris3
1212 559 1358 607 optime
1402 558 1481 595 vivi
1524 571 1600 608 quo

116 627 229 665 modo
259 627 326 664 diu
357 624 548 670 vixeris“;
591 626 659 663 sed
697 629 779 663 tum
819 627 858 663 in
897 627 1091 663 sententia
1123 626 1288 663 relativa
1319 639 1396 663 non
1428 638 1601 675 praesens

38 704 39 709 ¹
115 699 266 745 tempus
304 694 370 731 sed
409 695 625 744 perfectum
662 695 885 744 ponendum
927 697 1020 731 erat.
1088 694 1299 743 Bergkius,
1345 707 1477 744 progr.
1510 694 1598 732 Hal.

120 764 235 808 1862,
267 776 419 800 versum
452 765 628 813 spurium
661 767 804 810 censet,
836 766 875 800 et
899 762 1000 799 mihi
1033 775 1185 812 quoque
1212 762 1373 799 eundem
1401 768 1599 800 auctorem

39 853 42 856 -
115 844 250 882 sapere
280 831 437 868 videtur
468 835 586 880 atque
619 832 782 869 73—75
816 834 855 867 et
887 830 952 868 94.
988 849 1035 856 —-
1079 831 1144 868 66.
1187 824 1308 876 aufer
1338 826 1600 877 ridicularia,

115 900 162 938 cf.
193 899 298 937 Pers.
334 899 426 937 794.
473 900 582 936 Asin.
619 900 710 937 328.
741 919 797 924 —-
828 899 892 936 67.
924 895 1049 936 uenio
1079 899 1124 935 A.

227 968 291 1005 68.
338 962 585 1017 obiuriyem,
624 973 668 1005 ut
697 968 731 1004 A
762 980 796 1003 v.
832 968 894 1012 70,
928 966 1074 1004 Ritsch.
1109 965 1247 1016 Opusc.
1282 965 1318 1003 II
1349 980 1386 1016 p.
1421 967 1515 1004 428.
1547 987 1600 992 —

117 1037 180 1075 70.
215 1031 328 1084 Quid
356 1035 400 1073 tu
430 1036 476 1072 A.
509 1053 563 1060 κ
597 1037 662 1073 71.
694 1035 736 1073 tu
767 1045 831 1073 me
859 1031 1046 1072 mihimet
1073 1035 1119 1072 A.
1147 1054 1201 1060 ——
1235 1036 1298 1072 72.
1333 1032 1528 1085 antiquae
1554 1037 1600 1073 A.

116 1124 168 1130 —
198 1103 320 1151 artes,
351 1104 621 1152 ἐπιτηδεύματα,
654 1104 700 1141 cf.
730 1103 817 1141 Ter.
843 1103 965 1140 Andr.
993 1104 1043 1140 32
1069 1116 1174 1153 sqq.:
1212 1102 1341 1149 „Nihil
1372 1105 1471 1141 istac
1503 1116 1602 1153 opus

115 1176 173 1211 est
210 1176 293 1210 arte
336 1172 385 1209 ad
423 1172 524 1209 hanc
564 1185 645 1209 rem
678 1185 791 1222 quam
825 1184 941 1220 paro,
985 1171 1061 1209 Sed
1093 1172 1148 1208 eis
1179 1184 1276 1221 quas
1307 1184 1462 1222 semper
1493 1173 1532 1209 in
1562 1175 1601 1210 te

114 1240 289 1278 intellexi
321 1243 435 1288 sitas,
484 1240 581 1278 Fide
621 1245 659 1278 et
699 1238 1011 1277 taciturnitate.“
1061 1240 1162 1277 infra
1195 1241 1287 1278 229.
1335 1260 1390 1265 —
1436 1241 1600 1278 73--75

114 1322 198 1347 cum
230 1309 440 1347 Ritschelio
471 1311 629 1358 spurios
660 1322 812 1346 censeo.
884 1307 1085 1347 Aoidalius
1123 1322 1158 1346 v.
1193 1309 1243 1346 73
1276 1310 1455 1359 proximo
1493 1311 1600 1359 post-

54 1424 64 1433 ·
113 1377 285 1428 ponebat
323 1390 395 1426 pro
438 1374 555 1425 „Sin“
600 1377 772 1415 scribens
808 1374 965 1424 „Siue“.
1006 1396 1060 1402 —-
1105 1378 1168 1415 75.
1216 1377 1297 1425 ast,
1331 1392 1366 1415 v.
1400 1376 1448 1414 ad
1488 1376 1599 1427 Capt.

116 1447 208 1484 677.
251 1465 296 1470 —
340 1447 404 1483 77.
446 1445 483 1483 te
512 1442 656 1483 uidere
687 1442 908 1495 audireque
947 1442 1124 1495 aeyroti,
1164 1447 1189 1483 i.
1223 1458 1252 1482 e.
1288 1449 1328 1482 te
1360 1445 1530 1483 videndo
1563 1448 1603 1482 et

39 1519 47 1524 ”
116 1514 329 1561 audiend03
360 1516 466 1552 visus
497 1518 536 1557 et
566 1514 724 1551 auditus
754 1518 845 1551 tuus
875 1514 923 1550 iis
956 1514 1114 1551 morbus
1146 1516 1215 1561 est,
1248 1526 1283 1551 v.
1318 1514 1367 1551 ad
1389 1514 1478 1552 Aul.
1507 1514 1599 1552 333.

115 1602 168 1608 —
207 1583 271 1621 80.
313 1583 358 1620 cf.
391 1583 500 1620 Asin.
536 1583 634 1620 767:
684 1582 956 1633 „Suspiciones
988 1582 1111 1620 omnis
1143 1582 1189 1618 ab
1222 1595 1262 1619 se
1293 1580 1513 1632 segreget“.
1546 1603 1602 1607 —

45 1690 51 1697 ,
117 1652 181 1690 82.
217 1660 418 1700 promus,
467 1652 513 1688 cf.
547 1650 631 1688 Mil.
665 1651 757 1688 836.
852 1650 1144 1695 „Innocentiam
1188 1654 1379 1699 praestarc
1424 1664 1600 1702 possum3

115 1719 209 1769 quid
253 1720 427 1757 homines
474 1719 520 1756 de
570 1732 629 1756 me
670 1719 902 1769 loquantur,
950 1732 1025 1756 non
1072 1716 1254 1769 possum“
1311 1719 1511 1757 Erasmus.
1554 1719 1600 1758 cf.

114 1788 216 1826 infra
251 1789 327 1826 104
359 1801 416 1837 sq.
435 1807 489 1813 —-
515 1787 579 1825 86.
616 1783 696 1835 Qui
720 1787 891 1837 Scaliger
918 1800 989 1824 em.
1008 1807 1062 1812 —
1080 1784 1122 1824 iu
1151 1783 1355 1825 columine
1372 1789 1417 1835 A,
1449 1788 1489 1824 in
1522 1789 1602 1825 cul-

115 1858 228 1905 mine,
262 1858 308 1894 cf.
340 1855 482 1905 Amph.
518 1856 610 1893 363.
657 1854 773 1905 Epid.
811 1857 898 1893 190.
968 1856 1148 1906 Iuppiter
1185 1855 1388 1905 quadrigis
1420 1857 1603 1894 insistens

115 1927 154 1963 in
198 1926 355 1975 fastigio
400 1925 540 1975 templi
584 1923 716 1961 fictilis
761 1927 858 1971 erat,
907 1939 941 1961 v.
981 1923 1080 1961 Plin.
1122 1924 1168 1961 H.
1210 1924 1258 1962 N.
1290 1924 1459 1971 XXXV,
1511 1926 1601 1963 157.

115 1993 384 2034 Plut.Poblic.
405 1995 467 2032 13.
496 1993 542 2031 cf.
571 1992 835 2042 anaglyphum
868 1991 1083 2030 Romanum
1114 1992 1220 2030 Mon.
1247 1989 1336 2030 dell'
1360 1993 1454 2031 Inst.
1475 1993 1518 2042 V,
1537 1994 1601 2031 36.

41 2114 44 2116 .
116 2061 278 2100 Denkm.
319 2076 353 2100 a.
392 2063 440 2099 K.
480 2062 518 2100 ΙΙ
555 2077 590 2100 n.
638 2064 699 2101 13.
778 2061 960 2098 Archaol.
999 2060 1098 2099 Zeit.
1137 2075 1173 2098 n.
1207 2061 1250 2098 F.
1283 2061 1316 2099 V
1356 2061 1408 2110 pl.
1444 2062 1508 2099 57.
1550 2081 1600 2086 —

115 2130 172 2169 De
202 2132 371 2182 repetito
410 2129 450 2168 si
480 2144 515 2168 v.
548 2132 597 2168 ad
628 2132 747 2170 Mero.
783 2134 875 2170 796.
908 2132 1011 2170 infra
1042 2131 1092 2168 96
1126 2143 1182 2180 sq.
1215 2149 1269 2155 —-·
1309 2131 1359 2168 89
1393 2143 1439 2167 ex
1469 2130 1516 2168 A.
1547 2149 1603 2156 —

38 2185 42 2189 ’
117 2200 181 2238 91.
217 2195 324 2248 Quoi
344 2199 494 2248 pectus
524 2198 675 2248 sapiat,
710 2201 756 2237 cf.
789 2201 839 2237 ad
870 2200 952 2237 Mil.
981 2200 1073 2237 786.
1102 2218 1155 2224 -—
1186 2195 1298 2236 haud
1328 2194 1464 2236 dicam
1495 2194 1601 2245 dolo,

116 2267 163 2306 cf.
187 2268 236 2305 ad
260 2268 364 2305 Men.
393 2269 484 2306 226.
518 2288 573 2292 —
605 2269 669 2306 93.
703 2265 817 2307 Sum?
846 2278 1032 2318 quorum.
1094 2267 1324 2304 Rectissime
1355 2267 1410 2304 sic
1439 2268 1601 2305 tertium

39 2365 43 2370 .
116 2337 298 2375 infertur:
345 2337 441 2374 alios
480 2336 555 2373 sibi
594 2338 736 2374 amicos
774 2350 856 2374 esse
888 2338 982 2382 scit,
1022 2336 1119 2373 alios
1150 2336 1389 2387 suspicatur,
1437 2336 1484 2373 de
1516 2336 1603 2374 aliis

116 2405 209 2456 quid
241 2406 347 2444 dicat
375 2418 539 2454 prorsus
579 2417 655 2442 non
694 2406 830 2455 liquet.
900 2413 1056 2455 ‘nequeo
1089 2403 1308 2450 Acidalius,
1356 2404 1475 2454 idque
1514 2418 1602 2442 con-

116 2473 246 2512 firmat
268 2475 324 2520 A,
356 2474 423 2511 ubi
454 2471 603 2524 ,‚queo“
638 2475 721 2511 sine
753 2473 873 2511 dubio
904 2474 999 2520 fuit3
1045 2485 1114 2510 nec
1145 2471 1308 2522 probari
1337 2475 1468 2523 potest
1498 2472 1603 2522 quod

62 2557 78 2572 ··
117 2541 161 2580 R.
193 2541 254 2580 ed.
286 2542 323 2580 II
354 2542 455 2580 bunc
484 2555 640 2579 versum
679 2542 793 2578 eiecit
830 2555 908 2578 una
939 2554 1024 2579 cum
1055 2541 1253 2590 proximo,
1296 2554 1410 2590 quem
1442 2540 1601 2590 Parerg.

115 2622 154 2659 p.
188 2612 265 2648 517
305 2611 390 2648 iure
427 2611 693 2660 impugnavit,
735 2623 820 2646 nam
861 2610 911 2647 ad
950 2609 1063 2647 amici
1099 2612 1250 2659 partem
1287 2610 1493 2658 pervenire
1530 2621 1603 2658 pro

117 2690 162 2715 eo
193 2678 298 2729 qnod
330 2682 389 2716 est
420 2680 559 2716 amicis
591 2677 924 2716 adnumerandum
957 2690 1041 2715 esse
1067 2677 1209 2715 Latine
1241 2676 1318 2714 dici
1349 2689 1425 2715 non
1455 2680 1601 2727 potest.

119 2765 166 2772 -
202 2748 266 2785 95.
298 2743 403 2785 ‘mihi
432 2757 476 2786 es
505 2742 578 2798 pro
609 2760 688 2784 una
718 2745 868 2795 syllaba
898 2745 1115 2796 legendum.
1155 2765 1209 2771 —-
1248 2746 1313 2783 97.
1350 2742 1399 2784 id
1427 2755 1509 2783 non
1540 2755 1604 2783 me

117 2824 287 2854 accusas
318 2815 486 2863 Reizius‚
520 2815 566 2853 cf.
584 2814 672 2852 Ter.
691 2814 846 2853 Phorm.
866 2815 967 2853 914:
1015 2814 1146 2862 „Quae
1176 2817 1274 2859 tute,
1293 2813 1439 2851 dudum
1471 2826 1601 2852 coram
