2009 3218
176 156 225 193 lv
248 157 280 199 8,
309 157 415 190 1-17
795 153 1044 190 Trinummus.
1577 158 1661 197 319

299 325 607 369 STASIMUS
637 325 866 368 SERUOS.
933 324 1306 368 CHARMJDES
1337 324 1532 369 SENEX.
1626 329 1657 370 C

781 426 972 468 Sta-sim
987 441 1043 468 us

170 500 374 549 Stasime‚
421 499 489 541 fac
527 503 570 541 te
609 512 790 553 propere
829 497 1032 548 celerem,
1080 499 1222 552 recipe
1261 503 1302 540 te
1343 500 1397 541 ad
1438 501 1656 544 dominum

1115 569 1300 619 domum.

169 642 232 686 Ne
263 642 407 685 subito
440 647 579 684 metus
611 642 832 684 exoriatur
863 641 1051 695 scapulis
1083 641 1270 683 stultitia
1301 645 1383 684 tua.

169 714 288 757 Adde
318 713 513 766 gradum.
546 713 812 767 adpropera3
843 714 925 754 iam
954 712 1115 754 dudum
1140 712 1344 756 factumst
1371 730 1500 769 quom
1527 716 1655 759 abisti

1115 785 1255 826 domo.
1570 801 1658 833 1010

167 856 282 900 Cane
313 859 372 899 sis
403 857 481 899 tibi
514 871 565 898 ne
597 856 745 898 bubuli
776 858 818 898 in
851 863 892 898 te
924 857 1088 898 cottabi
1122 857 1259 899 crebri
1294 866 1484 913 crepent,

168 928 212 971 Si
244 929 384 982 aberis
416 928 470 970 ab
503 930 562 970 eri
597 929 868 982 quaestione;
900 943 954 970 ne
987 928 1204 971 destiteris
1236 943 1422 972 currere.

168 1000 277 1043 Ecce
309 1000 523 1042 hominem
556 1006 612 1042 te.
646 999 844 1050 Stasime,
877 1000 1020 1052 nihili3
1053 1002 1164 1043 satin
1198 1002 1238 1042 in
1273 1002 1561 1057 thermopolio

165 1071 418 1115 Condalium
451 1086 496 1113 es
529 1071 702 1118 oblitus,
736 1077 963 1126 postquam
996 1073 1329 1127 thermopostati
1363 1076 1608 1128 gutturem?

167 1144 324 1198 Recipe
355 1150 398 1185 te
431 1149 474 1185 et
504 1157 678 1185 recurre
712 1149 860 1197 petere
891 1158 937 1186 re
967 1146 1142 1193 recenti.

747 1221 1060 1266 Charmides

1072 1296 1194 1347 Huic,
1227 1298 1426 1352 quisquis
1458 1303 1535 1347 est,
1569 1311 1659 1344 1015

166 1366 419 1420 Gurguliost
451 1368 687 1418 exercitum
718 1368 755 1409 is
787 1368 902 1409 hunc
932 1367 1145 1410 hominem
1181 1382 1403 1411 cursuram
1437 1369 1574 1412 docet.

771 1446 1039 1489 Stasimus

165 1516 289 1567 Quid,
322 1518 449 1559 homo
482 1518 616 1561 nihili,
651 1532 734 1560 non
768 1519 899 1572 pudet
932 1519 1004 1561 te‘?
1064 1519 1282 1562 Tribusne.
1308 1526 1350 1562 te
1383 1522 1563 1575 poteriis

165 1588 411 1630 Memoriam
438 1603 529 1631 esse
555 1589 766 1631 oblitum?
797 1604 851 1632 an
877 1605 995 1633 uero.
1029 1593 1130 1645 quia
1155 1606 1250 1633 cum
1275 1592 1385 1645 frugi
1403 1593 1652 1636 hominibus

164 1659 226 1701 Ibi
257 1659 419 1710 bibisti,
453 1663 526 1715 qui
558 1661 612 1703 ab
646 1662 787 1704 alieno
818 1663 946 1705 facile
979 1663 1233 1706 cohiberent
1265 1678 1416 1707 manus
1447 1688 1501 1694 —-

161 1731 352 1774 Trochus
384 1732 475 1782 fuit,
508 1732 781 1778 Cerconicus.
815 1733 1017 1784 Crinnus,
1051 1733 1333 1786 Cerdobulus,
1366 1734 1584 1788 collabus‚

162 1802 484 1858 Collicrepidae,
518 1806 854 1860 cruricrepidae,
885 1806 1087 1855 ferriteri,
1119 1809 1332 1862 mastigae
1364 1832 1418 1837 —
1564 1821 1647 1854 1021

160 1875 277 1917 Inter
307 1891 438 1918 eosne
470 1877 664 1920 homines
697 1878 946 1920 condalium
977 1884 1019 1920 te
1051 1879 1253 1933 redipisci
1286 1881 1514 1935 postulas?

163 1947 315 1989 Eorum
349 1950 494 2000 quiuis
525 1950 745 2002 surpuerit
777 1952 967 1992 currenti
1000 1953 1162 1993 cursori
1197 1953 1347 1994 solum.

739 2028 1061 2072 Charmides

160 2098 224 2141 lta
257 2114 320 2141 me
353 2100 395 2141 di
427 2105 582 2149 ament,
615 2101 870 2154 graphicum
902 2101 1052 2143 furem.

770 2179 1034 2222 Stasimus

913 2252 1025 2303 Quid
1058 2266 1135 2306 ego
1167 2254 1282 2308 quod
1314 2256 1442 2309 periit
1472 2260 1647 2311 petam?

267 2384 312 2419 In
335 2385 440 2421 titulo
464 2387 612 2421 nomina
630 2388 787 2430 propria
813 2398 878 2422 om.
1027 2388 1053 2422 C
1079 2399 1144 2425 oni.
1173 2389 1202 2425 Ο
1255 2398 1259 2402 ’
1338 2392 1424 2425 1009
1450 2392 1644 2427 stultitiam

159 2441 245 2474 1010
267 2440 401 2484 factum
429 2443 457 2477 si
483 2441 518 2476 Β
620 2445 706 2477 1012
731 2444 865 2478 abieris
970 2446 1056 2480 1013
1082 2447 1170 2480 nihil
1263 2447 1301 2482 in
1327 2458 1391 2483 om.
1420 2447 1450 2483 C'
1537 2451 1644 2483 termi

156 2495 254 2540 polio
277 2496 314 2532 Β
385 2499 472 2532 1015
499 2510 537 2533 re
564 2509 629 2534 om.
704 2501 788 2533 1016
813 2501 1062 2544 gurgiliostC
1128 2514 1255 2538 cursui·
1280 2503 1429 2538 indocet
1451 2503 1486 2539 B
1558 2507 1645 2539 1017

155 2554 293 2596 poteris
380 2555 467 2589 1018
491 2555 673 2590 Memoria
769 2558 855 2591 1020
879 2556 1043 2592 Truthus
1068 2557 1113 2600 B,
1140 2560 1290 2595 trochus
1317 2560 1346 2595 C
1425 2562 1644 2597 cercobulus

160 2608 240 2644 1021
268 2608 371 2646 Oculi
401 2612 550 2656 crepide
585 2613 695 2647 crurii
731 2613 879 2657 crepide
913 2615 1093 2658 (cerpidae
1120 2614 1160 2657 C)
1185 2615 1255 2652 BG
1370 2619 1455 2653 1023
1480 2617 1641 2661 Quorum

153 2674 276 2700 eorum
301 2679 392 2702 uuus
485 2670 677 2713 surrupuit
702 2668 745 2710 B,
772 2671 947 2714 surripuit
975 2669 1004 2706 Ο
1095 2673 1180 2707 1024
1205 2679 1329 2709 amant
1423 2674 1584 2710 furorem
1618 2675 1645 2709 C

221 2723 309 2766 qnid
333 2734 401 2768 ego
427 2727 513 2769 quid
543 2725 573 2761 G
