2009 3218
349 231 400 270 38
1024 228 1143 264 Plauti
1543 227 1612 274 III,
1641 233 1668 272 1,
1695 232 1826 264 41-51

983 354 1196 395 Saturio

350 423 464 465 Malo
496 438 650 465 oauere
681 424 857 466 meliust
886 429 942 467 te.

1015 519 1172 572 Uiryo

1002 591 1057 632 At
1087 591 1123 632 si
1152 604 1238 632 non
1269 591 1372 632 licet

351 660 527 712 Cauere,
560 661 664 715 quid
696 664 849 715 agam?
879 676 980 704 nam
1013 676 1089 716 ego
1120 662 1200 704 tibi
1233 666 1406 704 cautum
1436 663 1548 705 uolo.

984 755 1196 797 Saturio

351 825 546 868 Malusne
576 839 655 879 ego
687 827 808 868 sum‘?

1014 909 1054 952 U
1061 910 1176 963 z'ryo

766 981 861 1023 Non
893 996 950 1028 es,
983 995 1121 1036 neque
1153 996 1218 1023 me
1251 981 1423 1035 dignum
1457 991 1521 1025 est
1553 984 1718 1037 dicere;
1774 999 1840 1032 370

355 1054 513 1096 Uerum
545 1054 583 1095 ei
614 1055 675 1094 rei
707 1067 883 1107 operam
915 1053 981 1104 do,
1015 1068 1067 1094 ne
1098 1053 1171 1095 alii
1203 1054 1362 1102 dicant,
1395 1055 1552 1108 quibus
1583 1056 1696 1099 licet.

995 1148 1209 1190 Saturio

357 1219 494 1269 Dicat,
527 1218 643 1272 quod
674 1220 858 1274 quisque
891 1220 1003 1271 uolt3
1035 1233 1111 1272 ego
1145 1220 1196 1261 de
1228 1220 1310 1261 hae
1342 1222 1559 1263 sententia

357 1289 451 1332 Non
482 1289 752 1332 demouebor.

1018 1371 1053 1414 U
1068 1373 1182 1423 z'ryo

789 1442 872 1502 Ab,
907 1456 999 1485 meo
1031 1444 1066 1484 si
1097 1443 1228 1485 liceat
1258 1444 1396 1494 morlo,

359 1512 587 1567 Sapienter
618 1515 760 1566 potius
790 1513 939 1566 facias,
971 1528 1099 1568 quam
1134 1515 1278 1557 stulte.

993 1609 1211 1651 Saturio

1443 1681 1596 1724 Lubet.

1025 1753 1183 1807 Uiryo

361 1823 528 1865 Lubere
559 1823 640 1866 tibi
673 1839 747 1877 per
777 1839 843 1866 me
875 1825 1004 1867 licere
1034 1825 1261 1878 intellege:
1652 1862 1656 1870 .
1781 1836 1848 1869 375

367 1895 521 1937 Uerum
552 1895 699 1938 lubere
731 1896 847 1938 haud
879 1897 1019 1948 liceat,
1053 1899 1088 1940 si
1119 1898 1250 1940 liceat
1281 1897 1396 1939 mihi.

997 1992 1212 2035 Saturio

363 2061 528 2104 Futura
559 2076 603 2104 es
633 2062 747 2104 dicto
781 2063 1014 2107 oboediens
1047 2079 1101 2106 an
1132 2079 1216 2107 non
1249 2066 1395 2120 patri?

1025 2159 1065 2202 U
1071 2162 1119 2201 ir
1128 2174 1186 2213 90

365 2229 542 2271 Futura.

1002 2303 1217 2346 Saturio

626 2374 718 2417 Scis
750 2376 847 2427 iam,
879 2374 958 2417 tibi
990 2390 1100 2429 quae
1132 2377 1362 2431 praecepi?

1028 2479 1065 2521 U
1071 2479 1087 2520 ι’
1098 2492 1121 2519 r
1129 2493 1155 2531 ,ᾳ
1167 2492 1189 2520 0

1413 2549 1579 2593 Omnia.

482 2686 548 2720 368
571 2685 704 2720 melius
729 2691 782 2720 est
807 2686 841 2719 A
957 2687 1069 2721 liceat.
1092 2688 1125 2722 A
1237 2689 1303 2722 370
1329 2687 1478 2731 dignust.
1503 2686 1545 2728 A,
1571 2686 1702 2730 dignus
1729 2692 1763 2720 st
1788 2684 1854 2720 BC
1923 2739 1927 2742 ὓ

371 2743 434 2777 371
462 2742 587 2778 Uirum
693 2741 811 2777 donec
837 2742 865 2777 G
967 2745 1032 2778 375
1056 2755 1123 2788 per
1147 2755 1206 2778 me
1231 2744 1298 2778 tibi
1323 2743 1391 2779 ΒΟ
1492 2744 1560 2778 376
1583 2743 1655 2778 hau
1682 2743 1750 2777 AB

373 2800 402 2834 si
426 2799 551 2834 lubeat
575 2799 665 2833 mihi
758 2800 823 2833 378
848 2811 930 2834 nam
1024 2800 1163 2844 preeipi
1187 2800 1223 2834 B
