2009 3218
734 193 774 227 V.
801 195 991 229 340—379.
1533 202 1612 239 537

122 322 251 369 nario,
296 320 344 358 cf.
376 320 487 359 Cure.
523 321 622 367 324;
663 321 731 358 sed
774 323 812 358 in
845 321 1054 359 deiiciendi
1096 324 1215 361 verbo
1254 323 1516 362 festinationis
1557 327 1613 363 vis

122 392 233 429 inest.
271 408 327 414 —
365 389 458 426 362.
505 398 598 426 erae
628 389 673 426 A.
722 408 771 413 —
818 390 910 426 363.
954 387 1139 438 relictas,
1178 392 1443 441 posthabitas,
1484 393 1531 430 cf.
1565 393 1614 431 ad

122 457 237 507 Epid.
258 457 348 495 603.
367 476 424 482 —
448 457 539 494 364.
572 453 618 494 id
632 458 679 505 A,
706 456 752 494 cf.
772 457 818 494 ad
843 458 932 495 109.
951 477 1007 482 —-
1025 456 1180 507 expedi,
1210 473 1243 497 v.
1264 460 1310 496 ad
1328 461 1470 510 Amph.
1494 462 1613 499 1097.

123 545 177 551 —-
207 525 299 563 365.
332 520 425 572 luci,
456 538 490 562 v.
525 523 574 561 ad
601 524 742 575 Amph.
773 525 864 562 163.
897 544 951 549 -—
985 527 1076 564 366.
1118 522 1398 577 Commodum,
1431 532 1514 578 ipso
1545 528 1613 566 illo

120 596 306 643 tempore,
338 605 372 629 v.
407 593 455 630 ad
485 592 626 641 Amph.
661 594 753 631 662.
786 613 839 618 —
869 590 1102 641 superabat,
1137 595 1382 637 escendebat,
1417 598 1463 634 cf.
1496 609 1614 646 supra

123 661 214 699 279.
294 659 408 710 Verg.
451 661 542 698 AEn.
581 661 656 707 XI,
699 662 791 698 514.
854 660 951 698 Stat.
994 661 1114 699 Theb.
1159 662 1230 709 IV,
1273 665 1375 701 458:
1428 669 1615 715 „superat

119 732 246 767 tamen
277 741 396 778 agger
426 730 466 766 in
498 742 612 766 auras
643 727 822 779 pineus“.
891 728 966 766 Sed
1006 742 1092 778 quae
1134 732 1371 768 antecedunt
1408 733 1613 778 „radiosus

47 838 49 840 ,
121 794 241 843 ease“‚
289 799 476 846 corrupta
507 802 618 844 sunt;
667 797 711 835 R.
746 811 831 834 cum
865 797 1018 847 Lipsio:
1071 811 1178 844 „sese
1211 800 1461 847 supe1·abat²'.
1510 801 1614 850 quod

120 864 258 903 Latine
289 865 365 902 dici
396 877 471 902 non
514 865 654 912 credo;
696 866 833 903 melius
867 865 1007 915 Bergk.
1040 865 1160 903 Beitr.
1193 880 1226 904 z.
1258 867 1327 904 lat.
1361 866 1428 905 Gr.
1461 883 1497 918 p.
1535 870 1612 907 148

123 929 266 982 „ipse“‚
299 933 374 979 vel,
407 933 511 983 quod
535 935 698 984 propius
726 933 847 982 abest,
882 933 1076 972 Gruterus
1102 943 1198 981 eece,
1232 935 1278 972 cf.
1304 948 1422 985 supra
1448 938 1539 973 262.
1559 957 1615 962 —

37 1038 44 1046 ,
121 1001 197 1040 367
229 1014 311 1051 sqq.
348 1001 461 1038 affert
492 1002 642 1039 Nonius
674 1016 713 1052 p.
749 1003 840 1040 533.
900 999 1135 1050 portitores,
1170 1002 1216 1040 cf.
1237 1002 1285 1039 ad
1304 1003 1410 1040 Trin.
1434 1006 1525 1042 795.
1558 1025 1614 1030 —

121 1069 212 1107 368.
258 1070 409 1119 neycmt
444 1067 615 1108 uenisse
652 1083 729 1108 non
772 1075 833 1108 est
871 1071 1077 1120 apodosiS,
1125 1083 1211 1120 quae
1250 1075 1391 1121 postea
1432 1074 1615 1122 sequitur

119 1132 397 1186 (conspicatus
427 1137 549 1184 Sum),
582 1138 650 1176 sed
679 1140 926 1189 parenthesis
956 1140 1205 1189 interposita,
1236 1153 1270 1177 v.
1304 1140 1354 1177 ad
1380 1140 1487 1178 Pers.
1517 1143 1612 1179 491.

117 1223 171 1231 —·-
197 1205 288 1244 369.
327 1201 563 1253 Cercurwm
597 1208 644 1245 cf.
671 1208 720 1245 ad
746 1207 866 1245 Mero.
888 1208 952 1245 86.
978 1227 1033 1232 -
1067 1208 1145 1245 370
1179 1207 1292 1245 affert
1322 1208 1471 1246 Nonius
1494 1224 1532 1260 p.
1564 1211 1609 1248 11

118 1285 147 1311 s.
176 1287 213 1311 v.
235 1283 434 1322 passum,
482 1275 587 1325 quod
626 1277 758 1326 inepte
803 1276 960 1322 „laxum
993 1283 1031 1313 et
1063 1275 1273 1325 rugosum“
1309 1279 1610 1327 interpretatur,

119 1343 229 1392 quasi
266 1342 313 1379 de
353 1357 426 1381 uva
457 1356 572 1393 passa
606 1356 733 1381 sermo
765 1348 878 1381 esset.
910 1363 965 1370 —
1007 1345 1099 1382 372.
1139 1339 1314 1383 lutet-ibi
1343 1344 1390 1381 A.
1428 1366 1471 1370 -—
1519 1346 1611 1384 374.

119 1406 243 1448 Tutin
282 1408 401 1459 ipsus
438 1408 579 1460 ipsum
616 1407 800 1450 uidisti?
828 1413 874 1450 A.
929 1412 1029 1449 Huic
1061 1413 1271 1462 quaestioni
1301 1415 1520 1451 necessario
1553 1428 1613 1451 re-

40 1504 48 1509 ·
116 1479 384 1529 spondendum
424 1484 483 1517 est
518 1478 750 1528 „Profecto“
795 1484 862 1517 aut
897 1478 1038 1527 „Uidi“
1075 1484 1161 1529 aut,
1209 1482 1316 1530 quod
1344 1483 1470 1532 posui,
1514 1477 1614 1531 Ipse

118 1556 202 1597 eqo,
235 1549 345 1585 euius
378 1549 548 1596 vestigia
579 1551 618 1586 in
651 1548 715 1586 BC
747 1561 940 1598 apparere
971 1549 1166 1586 videntur.
1242 1550 1354 1596 Quod
1385 1551 1426 1587 in
1456 1551 1515 1588 his
1548 1551 1615 1589 ad-

118 1614 242 1664 ditur,
287 1617 328 1654 in
359 1616 394 1653 A
425 1630 543 1654 unum
573 1620 719 1664 restat,
771 1616 976 1665 „lubens“,
1009 1617 1083 1654 huc
1120 1630 1199 1654 non
1229 1619 1415 1668 pertinet.
1490 1617 1615 1655 Aber-

117 1684 221 1721 ravit
257 1685 391 1723 oculus
428 1685 583 1722 librarii
621 1685 671 1723 ad
708 1687 930 1735 proximum
970 1698 1144 1732 versum,
1193 1687 1303 1724 cuius
1344 1687 1401 1723 rei
1443 1687 1614 1723 certissi-

117 1764 220 1789 mum
244 1753 430 1790 indicium
457 1756 529 1798 est,
555 1753 658 1803 quod
683 1755 865 1803 sequitur
888 1767 924 1791 v.
945 1755 1038 1800 376,
1067 1766 1143 1803 quo
1168 1754 1245 1791 iam
1263 1755 1411 1804 scripto
1428 1754 1612 1792 librarius

118 1832 233 1870 quum
265 1834 436 1859 errorem
469 1822 831 1867 animadvertisset,
864 1823 1047 1871 priorem,
1089 1823 1181 1868 375,
1224 1822 1391 1860 addidit.
1467 1823 1612 1860 Trans-

116 1889 319 1938 ponendos
356 1902 494 1928 versus
533 1903 618 1928 esse
657 1890 858 1928 Acidalius
889 1890 1002 1927 vidit.
1044 1910 1100 1916 --
1147 1892 1240 1928 375.
1287 1900 1534 1929 conuorram
1564 1891 1610 1928 A.

117 1955 198 1994 Iam
234 1957 403 1995 libenter
441 1959 640 2008 parasitus
680 1958 752 1996 hoc
790 1958 901 2005 facit,
948 1959 1053 2008 quod
1087 1962 1203 1996 antea
1233 1973 1310 1996 non
1342 1959 1443 1996 nihil
1474 1971 1611 2007 grava-

0 2042 3 2078 ss
116 2023 233 2063 batur
262 2040 298 2064 v.
334 2027 425 2065 357.
466 2046 523 2052 -
562 2027 655 2065 376.
695 2023 874 2074 nimium
904 2027 949 2063 A.
1011 2026 1069 2064 Ne
1100 2040 1236 2065 versus
1268 2040 1413 2065 caesura
1448 2032 1610 2071 careret,

36 2099 38 2101 ’
116 2091 245 2131 Guiet.
263 2094 331 2132 R.:
368 2096 637 2145 „Argentique
661 2093 866 2144 aurique“,
901 2095 947 2133 cf.
971 2096 1061 2133 106.
1079 2115 1133 2121 —
1153 2098 1245 2134 377.
1278 2092 1362 2133 Est
1378 2096 1424 2133 A.
1442 2115 1498 2121 —
1516 2096 1609 2134 378.

0 2145 3 2163 ’
116 2155 317 2209 eburatos,
351 2178 386 2202 v.
412 2164 462 2201 ad
478 2163 567 2201 Aul.
596 2165 688 2201 161.
712 2182 768 2187 —
794 2160 906 2212 reyie
931 2162 978 2201 A.
1040 2163 1136 2201 Cum
1167 2168 1252 2201 toto
1276 2164 1362 2202 loco
1386 2165 1612 2201 conferatur

116 2227 200 2268 Liv.
233 2229 417 2279 XXXIX,
456 2234 491 2279 6,
529 2233 551 2267 7
584 2245 661 2281 sq.:
712 2231 922 2276 „Luxuriae
963 2232 1183 2282 peregrinae
1215 2234 1324 2282 origo
1357 2232 1403 2270 ab
1436 2233 1612 2270 exercitu

115 2297 289 2336 Asiatico
311 2300 467 2337 invecta
490 2301 530 2336 in
554 2300 691 2337 urbem
723 2303 792 2337 est.
862 2299 894 2337 Ii
925 2300 1093 2349 primum
1121 2300 1241 2337 lectos
1275 2304 1429 2346 aeratos,
1461 2306 1610 2337 vestem

115 2367 328 2416 stragulam
352 2369 582 2417 pretiosam,
612 2365 793 2418 plagulas
817 2354 856 2405 et
881 2368 958 2405 alia
980 2368 1135 2405 textilia
1160 2371 1209 2414 et,
1243 2381 1328 2418 quae
1352 2374 1436 2406 tum
1461 2370 1609 2418 magni-

113 2431 194 2472 fieae
225 2436 482 2484 supellectilis
513 2436 781 2482 habebantur,
828 2436 1068 2484 monopodia
1106 2440 1146 2473 et
1176 2436 1316 2475 abacos
1347 2438 1510 2475 Romam
1543 2437 1609 2474 ad-

63 2541 66 2549 ,
114 2508 315 2542 vexerunt.
374 2503 483 2542 Tunc
506 2505 683 2554 psaltriae
705 2504 1066 2554 sambucistriaeque
1092 2507 1131 2541 et
1154 2506 1374 2542 convivalia
1398 2506 1474 2543 alia
1497 2505 1609 2543 ludo-

114 2582 200 2608 rum
244 2571 533 2610 oblectamenta
578 2572 713 2609 addita
761 2568 928 2622 epulis“.
982 2591 1037 2596 —
1079 2573 1170 2611 379.
1218 2568 1476 2623 Babylonica
1517 2576 1610 2611 sunt

115 2639 298 2687 stragulae
329 2645 460 2678 vestes
481 2642 666 2691 pretiosae
691 2640 893 2689 Babylone
916 2639 1100 2687 adveetae,
1134 2641 1180 2679 cf.
1204 2641 1363 2679 Lucret.
1382 2641 1448 2684 IV,
1466 2641 1606 2679 1029:

118 2705 380 2756 „Babylonica
419 2708 627 2759 magnifico
658 2706 909 2757 splendore“.
978 2707 1136 2758 Ulpian.
1168 2709 1209 2746 in
1241 2708 1328 2758 Dig.
1355 2708 1535 2754 XXXIV,
1570 2709 1605 2754 2,

86 2819 92 2822 α
117 2774 179 2823 25,
211 2776 253 2814 3:
298 2777 519 2825 „stragulae
551 2780 589 2814 et
620 2775 871 2825 Babylonica,
905 2789 990 2826 quae
1021 2777 1131 2826 equis
1162 2777 1326 2815 insterni
1357 2777 1497 2822 solent,
1531 2789 1608 2814 non
