2009 3218
319 235 322 238 .
368 183 448 223 538
1033 179 1191 214 Stichus.

365 313 460 360 puto
491 309 610 348 vestis
642 306 764 345 esse“.
824 307 926 346 Edd.
959 309 1043 345 sine
1081 321 1201 346 causa
1234 305 1323 356 „et“
1358 309 1550 346 delerant.
1608 308 1729 346 Recte
1759 320 1850 346 vero
1925 307 1928 308 ⁷

367 377 536 414 arbitror
565 375 753 425 Pyladem
784 372 1083 424 perismmata
1114 377 1335 426 scripsisse,
1383 377 1559 426 quamvis
1596 377 1654 412 ita
1690 378 1852 424 quartus

366 457 501 482 versus
531 456 601 492 pes
633 443 811 492 dactylus
842 457 914 493 pro
945 443 1117 482 trochaeo
1148 443 1234 489 fiat3
1274 457 1362 481 nam
1397 440 1689 493 „peristroma‘f
1713 443 1858 492 plurali

366 524 528 550 numero
559 513 626 548 vix
663 511 830 549 inducor
867 514 912 548 ut
949 511 1147 549 Romanos
1187 511 1330 549 dixisse
1363 512 1540 557 credam,
1587 511 1763 560 quamvis
1793 510 1856 549 de·

366 580 531 617 fendant
569 579 715 627 Bergk.
754 578 895 616 Philol.
926 579 1038 616 XVII
1068 593 1105 629 p.
1141 580 1204 616 38.
1269 579 1398 617 Loew.
1430 578 1635 616 Prodrom.
1672 579 1764 616 290.
1802 598 1857 605 -—
1922 629 1926 632 θ
1996 606 2003 621 ,

368 643 539 685 tonsilia
571 647 625 693 A,
657 647 702 684 cf.
737 646 784 683 ad
816 647 957 684 Pseud.
994 648 1091 693 146,
1133 646 1201 683 ubi
1233 659 1318 683 cum
1349 645 1578 696 tappetibus
1609 647 1786 695 iungitur
1814 649 1859 702 1112

366 715 404 753 h.
438 716 462 753 l.
496 728 582 753 cum
620 716 920 765 peristromatis.
961 734 1016 738 —
1056 715 1146 751 381.
1192 709 1315 760 Post,
1357 714 1402 750 cf.
1437 715 1530 751 389.
1563 713 1613 750 ad
1643 713 1732 752 Mil.
1765 714 1856 754 649.
1906 696 1958 730 's'
1992 710 2003 726 '‘

369 784 501 822 Goetz.
538 780 722 831 „Poste“‚
752 786 797 820 ut
829 784 922 820 384.
954 802 1008 806 —
1049 782 1141 819 382.
1186 777 1500 819 Sambuce'cinas
1531 781 1741 819 Salmasius
1770 794 1855 831 em.,

369 864 412 888 ac
449 852 669 887 necessario
710 855 777 887 aut
814 852 868 888 sic
909 849 1157 888 scribendum
1197 853 1265 886 aut
1304 849 1598 900 sambucis-trias
1636 852 1680 886 ut
1719 848 1857 888 Livius

368 919 393 956 1.
420 919 466 965 1.;
513 931 600 955 nam
639 918 833 966 sambuca,
875 918 1055 966 σαμβύκη,
1096 920 1172 964 est,
1212 922 1256 954 ut
1293 919 1350 954 ait
1381 917 1542 964 Suidas,
1583 914 1673 958 εἶδος
1703 918 1858 967 κιθάρας
1904 921 1939 969 '3
1992 964 1993 967 Ἴ

368 988 558 1036 τρίγωνον,
592 986 639 1024 cf.
671 986 824 1023 Vitruv.
857 985 921 1033 VI,
957 987 991 1032 1,
1027 987 1062 1023 5.
1094 1005 1148 1010 —
1181 981 1334 1023 eximia
1364 987 1411 1023 A.
1443 1005 1502 1022 --‚
1530 986 1622 1023 383.
1655 981 1857 1033 adbibero,

369 1055 418 1092 cf.
458 1055 546 1092 Ter.
585 1054 726 1091 Heaut.
771 1055 872 1091 220:
922 1054 978 1100 „is
1018 1053 1133 1101 mihi,
1178 1053 1246 1090 ubi
1287 1053 1441 1090 adbibit
1478 1054 1566 1103 plus
1608 1053 1744 1103 paulo,
1790 1066 1860 1092 sua
1899 1052 1913 1098 ,¹

370 1136 470 1172 quae
521 1125 658 1159 narrat
701 1119 921 1159 facinora!“
971 1141 1024 1146 —
1079 1116 1324 1169 adludiabo,
1379 1121 1425 1159 cf.
1471 1121 1589 1158 Poen.
1641 1121 1758 1158 1232.
1802 1140 1859 1147 -—
1895 1113 1899 1116 ’

373 1192 464 1229 384.
508 1186 652 1238 Poste,
699 1204 735 1227 v.
776 1189 826 1226 ad
867 1190 975 1226 Asin.
1009 1191 1102 1227 906.
1143 1209 1199 1214 —
1245 1185 1601 1237 „Multigenerum“
1649 1188 1749 1225 nihil
1788 1191 1858 1236 est,
1903 1221 1908 1224 .

380 1272 447 1296 nec
482 1255 770 1306 „multimodis“
813 1258 852 1294 in
884 1259 1215 1308 comparationem
1255 1257 1385 1294 afferri
1422 1260 1572 1307 potest,
1619 1269 1708 1294 nam
1747 1257 1859 1294 omis-

371 1340 454 1364 sum
493 1341 510 1364 s
547 1325 663 1363 finale
686 1325 802 1372 'nihil
840 1325 990 1362 insoliti
1027 1325 1156 1363 habet.
1233 1324 1489 1362 scribendum
1529 1328 1597 1362 aut
1637 1338 1723 1362 cum
1762 1325 1860 1362 anti-

371 1396 457 1444 quis
502 1394 589 1431 edd.
645 1394 835 1441 „multum
880 1390 1091 1441 generum“
1148 1396 1216 1430 aut
1264 1406 1348 1430 cum
1395 1392 1536 1430 Guieto
1580 1389 1858 1442 wlultiyenera,
1898 1402 1911 1446 Ι·

371 1462 418 1499 cf.
452 1462 561 1511 Capt.
607 1463 705 1499 159:
756 1461 918 1508 „Multis
960 1463 998 1497 et
1037 1461 1357 1510 multigeneribus
1396 1474 1495 1510 opus
1535 1464 1594 1498 est
1631 1456 1905 1499 militibus“.-‘
1974 1471 1978 1473 “

371 1530 470 1567 Plin.
504 1530 551 1566 H.
584 1530 630 1566 N.
663 1529 732 1576 XI,
770 1531 803 1567 1.
848 1549 890 1554 —-—
928 1525 1027 1566 Non
1056 1526 1191 1566 mendo
1223 1526 1356 1578 Zoyos,
1401 1533 1446 1566 ut
1476 1531 1736 1568 constituerat
1767 1529 1859 1568 225.

373 1617 423 1623 —
451 1599 542 1635 385.
576 1598 634 1634 Ne
665 1601 757 1647 post
786 1592 901 1644 facio
931 1597 1062 1634 hiatus
1093 1598 1155 1643 sit,
1188 1597 1254 1635 R.:
1291 1597 1399 1646 „Iam
1431 1609 1503 1645 ego
1534 1595 1651 1644 non“‚
1682 1597 1858 1635 Mueller.

376 1666 481 1712 „Iam
519 1680 597 1704 non
640 1667 861 1703 auctionem
897 1662 1039 1703 facio“.
1084 1685 1139 1690 —
1186 1663 1334 1715 optiyz‘t
1382 1665 1522 1702 ultima
1564 1665 1775 1715 producta,
1821 1678 1857 1703 v.

371 1734 525 1782 Proleg.
565 1748 602 1784 p.
649 1734 739 1771 196.
782 1737 836 1759 ’-
883 1736 974 1772 386.
1023 1730 1232 1771 Maleuolz’
1272 1729 1574 1783 perquisitores
1613 1729 1857 1780 auctionum,

372 1815 468 1851 quos
507 1815 626 1852 supra
668 1803 746 1839 202
789 1815 872 1851 sqq.
916 1803 1247 1840 commemorauit.
1289 1821 1344 1826 --
1372 1797 1591 1849 perierint,
1637 1801 1784 1838 frustra
1818 1813 1859 1838 se

372 1883 533 1920 operam
572 1872 782 1919 sumpsisse
820 1870 1054 1919 intelligent.
1096 1889 1151 1896 ——
1200 1871 1293 1908 387.
1335 1865 1538 1913 Hercules
1575 1870 1620 1906 A.
1664 1888 1713 1894 —
1761 1863 1860 1907 noui

372 1952 407 1975 v.
441 1939 532 1976 237.
582 1957 632 1963 —
679 1935 870 1975 Adducta
915 1938 1078 1975 decuma
1123 1942 1199 1984 est,
1247 1939 1339 1987 quia
1370 1932 1508 1974 ‘multo
1555 1937 1722 1974 maiores
1766 1947 1860 1986 opes
1902 1970 1907 1974 ,
1968 1954 1980 1970 ’.

372 2019 419 2043 ex
456 2006 588 2043 reditu
628 2005 838 2055 Epignomi
883 2006 958 2044 sibi
1002 2007 1085 2044 fore
1125 2009 1242 2055 putat
1280 2019 1395 2056 quam
1435 2018 1482 2042 ex
1520 2005 1700 2042 auctione
1738 2003 1861 2053 redigi

371 2077 544 2124 possent.
580 2093 629 2098 -
671 2075 749 2111 388
783 2087 830 2111 ex
858 2075 893 2111 A
924 2076 1099 2113 accessit.
1161 2060 1222 2112 De
1251 2077 1450 2112 structura
1480 2087 1515 2110 v.
1548 2072 1597 2109 ad
1628 2071 1735 2109 Pers.
1767 2072 1859 2110 722.-

373 2161 426 2166 —
467 2143 558 2179 389.
600 2142 697 2180 Post
726 2152 862 2180 Secum
893 2141 1036 2180 hiatus.
1110 2138 1190 2189 Ei,
1237 2154 1315 2179 non
1345 2141 1430 2186 hei,
1477 2153 1609 2179 veram
1641 2139 1860 2178 plautinam
1912 2134 1917 2139 ’

371 2210 536 2248 formam
577 2222 678 2258 esse,
723 2210 764 2247 hi
801 2210 876 2248 loci
917 2211 1146 2248 ostendunt:
1200 2209 1342 2259 Amph.
1378 2210 1470 2247 798.
1517 2208 1605 2245 Aul.
1642 2209 1733 2246 193.
1767 2207 1856 2246 789.
1908 2225 1913 2247 ,ι

372 2277 512 2315 Bacch.
546 2278 639 2315 408.
687 2276 772 2315 Cas.
806 2279 899 2316 632.
949 2279 1066 2316 Most.
1100 2279 1193 2316 259.
1229 2279 1320 2315 387.
1357 2279 1449 2315 532.
1484 2278 1575 2314 725.
1611 2278 1704 2314 962.
1741 2275 1858 2314 1016.

372 2345 476 2382 Men.
507 2347 597 2383 301.
644 2345 765 2383 Mero.
792 2347 884 2384 975.
931 2346 1038 2384 Pers.
1067 2348 1160 2384 737.
1188 2347 1280 2384 842.
1308 2346 1400 2383 843.
1421 2364 1469 2370 —
1499 2345 1591 2382 390.
1616 2340 1858 2383 Reuorram.

375 2413 500 2459 Quum
531 2415 728 2462 parasitos
760 2415 877 2451 etiam
910 2415 1094 2452 advectos
1125 2414 1282 2459 audiat,
1323 2413 1574 2450 vehementer
1605 2416 1781 2459 veretur,
1812 2422 1860 2448 no

373 2481 448 2520 sibi
478 2483 555 2518 iam
596 2481 725 2518 nullus
763 2482 872 2519 locus
902 2483 1160 2532 relinquatur.
1222 2483 1303 2519 Iam
1336 2494 1422 2518 eum
1453 2481 1614 2530 paenitet
1636 2479 1742 2529 quod
1763 2490 1860 2529 opus

374 2553 530 2586 strenue
560 2549 708 2596 fecerit,
741 2563 809 2587 nec
833 2550 996 2588 mundas
1020 2550 1106 2588 vult
1136 2563 1200 2588 eas
1231 2550 1345 2598 aedes,
1377 2548 1479 2586 unde
1510 2548 1608 2585 nihil
1639 2550 1782 2598 sperat.
1809 2563 1856 2572 -

376 2618 567 2655 391-93
600 2617 640 2654 in
669 2630 781 2654 suum
813 2618 940 2655 locum
972 2619 1130 2655 reduxit
1160 2618 1338 2655 Bothius.
1387 2613 1472 2666 loyi
1493 2617 1540 2653 A.
1567 2635 1621 2641 —
1651 2610 1859 2664 neyabam,
1898 2605 1904 2612 '

377 2686 469 2724 384.
545 2682 651 2732 „me“
687 2687 869 2722 omissum
900 2689 945 2722 ut
976 2688 1040 2724 25.
1073 2705 1121 2710 -
1160 2687 1238 2724 392
1270 2688 1375 2722 recte
1407 2684 1451 2720 A.
1513 2678 1648 2731 Ilicet,
1679 2684 1704 2720 i.
1737 2695 1769 2719 e.
1797 2692 1859 2718 ac·
1899 2719 1902 2725 .

373 2758 456 2792 tum
489 2757 570 2801 est,
616 2767 650 2792 v.
685 2753 732 2790 ad
764 2753 904 2807 Amph.
940 2754 1031 2791 334.
1073 2773 1126 2778 —
1167 2755 1243 2791 393
1278 2766 1325 2790 ex
1355 2752 1389 2788 A
1419 2753 1637 2789 restitutus.
1677 2770 1725 2776 —
1767 2747 1858 2788 394.
