2009 3218
115 178 148 224 I,
175 181 207 222 3,
232 180 356 221 35—4,
385 180 425 213 10
788 177 948 213 Rudens.
1551 182 1602 220 97

114 306 269 348 Libera
301 319 377 359 ego
411 310 625 359 prognata
654 305 695 345 si
725 304 785 346 fui
819 319 1029 354 maxume,
1062 305 1322 358 nequiquam
1356 305 1430 353 fui,

115 377 253 431 [Nunc
284 378 355 431 qui
390 378 531 419 minus
564 377 720 425 seruio,
753 391 882 430 quam
916 377 950 417 si
983 391 1110 418 serua
1142 377 1273 418 forem
1309 376 1459 429 iiata'31

113 449 260 504 Neque
279 451 510 503 quicquam
527 462 729 503 umquam
758 448 843 489 illis
869 448 1020 502 profui,
1047 449 1118 502 qui
1148 463 1213 489 me
1239 448 1321 489 sibi
1348 449 1601 490 eduxerunt.

451 666 488 706 A
498 665 732 706 MPELIS
740 665 825 706 021.
891 664 1263 706 PALAESTRA.

709 790 1002 842 Ampelisca

113 862 224 914 Quid
257 863 357 904 mihi
393 863 584 910 meliust,
631 862 734 917 quid
767 863 900 916 magis
931 863 973 903 in
1006 876 1095 903 rem
1128 866 1213 912 est,
1261 876 1390 916 quam
1423 875 1602 916 corpore

1063 935 1199 976 uitam
1231 939 1279 975 ut
1311 933 1561 975 secludam‘?

114 1006 181 1049 Ita
212 1007 321 1049 male
353 1008 453 1049 uiuo
486 1011 616 1061 atque
649 1007 711 1048 ita
742 1007 845 1048 mihi
876 1007 1038 1048 multae
1070 1007 1112 1047 in
1146 1011 1319 1060 pectore
1345 1010 1447 1047 sunt
1473 1019 1603 1047 curae

1063 1078 1341 1120 exanimales.
1538 1090 1606 1122 220

113 1149 182 1193 Ita
210 1164 278 1193 res
307 1150 504 1202 sordent3
552 1152 670 1193 uitae
703 1151 818 1192 haud
850 1162 1001 1205 parco;
1043 1151 1210 1204 perdidi
1245 1164 1377 1204 spem,
1419 1165 1506 1203 qua
1539 1165 1603 1193 me

1065 1220 1350 1265 oblectabam.

114 1293 267 1337 Omnia
291 1296 377 1337 iam
402 1296 739 1337 circumcursaui
764 1300 894 1348 atque
920 1295 1120 1337 omuibus
1146 1295 1326 1336 latebris
1354 1295 1603 1348 perreptaui

115 1365 329 1417 Quaerere
354 1381 607 1410 conseruam
634 1381 753 1418 uoce,
778 1368 928 1419 oculis,
953 1368 1145 1419 auribus,
1177 1375 1224 1409 ut
1248 1368 1602 1421 peruestigarem.

114 1439 261 1494 Neque
305 1454 398 1482 eam
444 1453 629 1494 usquam
674 1441 846 1481 inuenio
893 1455 1035 1494 neque
1075 1454 1159 1494 quo
1199 1454 1294 1481 eam
1331 1453 1472 1493 neque
1519 1453 1605 1494 qua

1066 1526 1274 1566 quaeram
1303 1512 1604 1564 consultumst‚

114 1583 263 1637 Neque
282 1598 409 1638 quem
427 1585 611 1637 rogitem
627 1598 923 1638 responsorem
942 1586 986 1626 in
1003 1589 1122 1626 terra
1140 1598 1401 1638 quemquam
1417 1585 1605 1626 inuenio.

115 1655 204 1698 Nec
228 1657 365 1710 magis
391 1656 510 1698 solae
534 1661 676 1698 terrae
700 1657 818 1699 solae
844 1662 945 1698 sunt
969 1670 1097 1710 quam
1119 1657 1227 1698 haec
1245 1660 1344 1698 sunt
1359 1656 1456 1698 loca
1473 1661 1605 1711 atque

1065 1729 1147 1771 hae
1178 1730 1386 1781 regiones.
1539 1741 1605 1774 226

115 1799 274 1854 Neque,
307 1801 343 1842 si
368 1801 490 1851 uiuit,
523 1814 615 1842 eam
642 1802 746 1842 uiua
769 1815 975 1854 umquam
1000 1802 1102 1854 quin
1135 1802 1356 1843 inueniam
1381 1802 1602 1844 desistam.

717 1895 994 1938 Palaestra

228 1968 464 2019 Quoianam
495 1982 580 2009 uox
611 1967 717 2009 mihi
748 1983 880 2023 prope
912 1968 981 2010 hic
1014 1969 1169 2010 sonat?

710 2071 1012 2124 Ampelisca

227 2142 445 2184 Pertimui.
507 2143 612 2193 Quis
643 2142 712 2184 hic
742 2143 936 2197 loquitur
967 2144 1130 2198 prope?

719 2245 996 2286 Palaestra

228 2315 335 2372 Spes
367 2317 493 2368 bona,
526 2317 721 2369 obsecro,
755 2317 970 2359 subuenta
1002 2318 1118 2359 mihi.
1537 2330 1604 2364 230

119 2409 384 2425 1——

228 2477 294 2510 216
319 2476 350 2510 si
375 2486 442 2511 om.
538 2477 604 2510 217
628 2476 744 2511 forem
770 2487 878 2510 serua
903 2476 932 2511 Ο
1023 2478 1090 2510 218
1113 2476 1170 2511 his
1195 2476 1240 2520 B,
1267 2478 1312 2512 iis
1342 2476 1371 2512 0
1461 2477 1603 2521 profuit

229 2543 288 2567 me
312 2543 376 2568 om.
402 2532 438 2567 B
530 2534 597 2567 219
622 2532 750 2567 melius
775 2536 832 2567 est
924 2536 964 2566 ut
989 2544 1055 2568 om.
1081 2532 1149 2568 BG
1233 2535 1297 2568 221
1324 2538 1410 2570 ante
1433 2533 1522 2569 dent
1546 2535 1600 2569 la·

118 2598 212 2623 cuna
235 2588 302 2623 BC
386 2591 453 2624 222
479 2590 650 2624 omnibus
676 2590 714 2623 in
739 2589 892 2624 latebris
918 2588 964 2631 B,
990 2590 1026 2623 in
1052 2590 1202 2625 latebris
1229 2591 1400 2626 omuibus
1427 2590 1454 2625 C
1536 2592 1603 2625 223

119 2643 272 2689 Quen-ire
391 2648 458 2681 224
481 2646 668 2691 Nequeam
695 2657 847 2689 usquam
954 2657 1072 2690 neque
1098 2658 1223 2682 coeam
1249 2647 1278 2682 C
1386 2659 1503 2693 neque
1529 2659 1602 2692 quo

118 2711 288 2746 quaeram
313 2702 347 2736 A
401 2704 466 2738 225
491 2714 710 2747 quemquam
737 2702 879 2736 interea
904 2714 1039 2747 quemq
1063 2703 1106 2747 A,
1133 2715 1350 2748 quemquam
1376 2704 1518 2739 interea
1538 2703 1608 2739 BC

118 2758 183 2793 226
206 2757 332 2803 Neque
358 2759 388 2794 C
476 2764 562 2795 sunt
587 2771 650 2796 om.
745 2760 811 2793 227
837 2759 959 2794 uiuam
985 2771 1184 2805 numquam
1277 2762 1344 2795 228
1369 2759 1548 2804 Quianam

1311 2834 1333 2869 7
