2009 3218
413 209 492 248 518
1066 202 1223 238 Stichus.

411 339 570 373 auctore
607 333 656 370 ad
685 335 805 375 Ἁλιεῖς
843 332 1061 378 referebat,
1107 331 1175 368 sed
1212 334 1316 368 recte
1355 330 1570 368 Schoellius
1615 319 1894 368 animadvertit

410 403 505 440 talia
543 401 807 451 Epignomum
852 401 980 437 dicere
1017 400 1191 450 potuisse
1228 398 1348 437 Stich.
1389 399 1468 436 403
1510 412 1594 449 sqq.
1660 397 1769 442 Alia,
1808 410 1893 447 quae
1923 416 1927 421 ·
1995 402 2000 412 ⁵

412 471 522 520 quasi
545 483 592 507 ex
617 468 806 520 Adelphis
830 467 1042 506 Menandri
1063 467 1290 514 afferuntur,
1323 467 1364 504 in
1385 465 1560 504 Terentii
1580 465 1714 524 sabula
1742 464 1892 503 nullum
1923 461 1927 463 ’
1971 463 1973 470 ’

410 539 537 576 locum
567 538 754 584 invenire,
787 549 873 574 cum
896 535 1079 574 Plautina
1108 535 1230 584 magis
1262 535 1467 572 convenire
1491 535 1643 572 censuit
1665 533 1891 572 Schoellius.

412 605 523 653 Quod
553 606 655 643 enim
687 604 865 642 Stobaeus
894 603 942 651 X,
977 604 1027 641 24
1047 602 1197 640 habet:

666 665 671 668 Ι
1000 671 1130 720 ’Έργον
1161 671 1272 719 εὑρεῖν
1303 673 1457 719 συγγενῆ

683 741 828 784 πένητός
860 744 960 776 ἐστιν.
993 739 1071 775 οὐδὲ
1102 735 1150 780 εἷς
1180 739 1249 786 γὰρ
1281 739 1449 788 ὁμολογεῖ

683 808 776 855 αὐτῷ
805 809 997 855 προσήκειν
1026 808 1086 842 τὸν
1116 808 1288 854 βοηθείας
1317 807 1409 848 τινὸς

682 877 854 923 δεόμενον·
887 875 1067 911 αἰτεῖσθαι
1100 875 1170 924 γὰρ
1202 876 1273 922 ἅμα
1304 889 1335 910 τι
1367 874 1563 922 προσδοκᾷ,

411 945 557 984 talibus
594 945 726 982 verbis
765 955 922 981 causam
962 939 1290 992 peregrinationis
1328 945 1496 979 fratrum
1536 944 1677 992 exponi
1707 944 1892 991 potuisse.
1929 943 1944 969 θ
1996 939 1998 941 ’

412 1013 544 1050 Minus
567 1013 649 1051 veri
672 1011 938 1049 similitudinis
962 1010 1090 1058 habet,
1122 1010 1226 1060 quod
1251 1011 1297 1047 fr.
1321 1009 1427 1048 Stob.
1445 1009 1583 1057 XLIV,
1616 1011 1637 1047 3
1663 1023 1750 1047 cum
1774 1009 1892 1048 Stich.

415 1082 495 1119 202
521 1094 579 1130 sq.
604 1083 817 1130 comparat,
850 1082 890 1116 et
921 1079 1024 1128 quod
1057 1079 1200 1116 attinet
1229 1079 1279 1116 ad
1309 1078 1354 1115 fr.
1384 1091 1445 1128 ap.
1470 1077 1613 1116 Athen.
1637 1078 1674 1115 X
1697 1092 1736 1129 p.
1754 1078 1832 1116 431
1851 1078 1892 1116 b:

681 1148 790 1184 Ὀκτώ
817 1162 864 1188 τις
893 1147 1044 1192 ’ὑποχεῖν
1075 1147 1202 1194 ἀνεβόα
1233 1147 1289 1182 καὶ
1323 1146 1455 1182 δώδεκα

684 1217 855 1257 κυάθοις,
887 1215 950 1256 ἕως
980 1217 1159 1251 κατέσεισε
1191 1216 1489 1262 ψιλυτιμόίμενος,

412 1288 451 1324 in
497 1289 671 1323 extrema
707 1284 864 1333 quidem
905 1284 1036 1321 Sticho
1076 1285 1179 1321 servi
1225 1286 1383 1332 potant,
1430 1283 1496 1320 sed
1538 1283 1636 1320 illud
1676 1283 1894 1321 convivium

412 1358 633 1405 spectatur,
665 1366 741 1391 non
773 1355 975 1398 narratur,
1006 1355 1063 1399 ut,
1094 1354 1126 1389 si
1159 1351 1239 1389 haec
1269 1365 1311 1388 re
1343 1364 1437 1389 vera
1468 1351 1516 1388 ad
1548 1350 1724 1389 Graecum
1755 1350 1896 1389 fabulae

411 1423 560 1460 fontem
583 1422 794 1472 pertinent,
817 1420 983 1458 Plautus
1007 1433 1095 1457 eum
1119 1421 1215 1457 satis
1238 1419 1360 1456 libere
1383 1405 1810 1457 tractasse'oensendus
1833 1419 1894 1457 sit.
1906 1407 1916 1471 ἶ

527 1490 648 1527 3—4.
680 1485 793 1526 ludis
813 1483 974 1537 plebeis
1005 1492 1112 1535 cett„
1142 1489 1166 1525 i.
1196 1501 1227 1525 e.
1260 1486 1471 1525 Novembri
1501 1500 1634 1524 mense
1665 1500 1698 1524 a.
1726 1483 1894 1535 200‚'cf.

413 1560 496 1597 Liv.
528 1544 674 1604 XXXI,
708 1558 772 1603 50,
807 1557 850 1594 3:
894 1556 1067 1603 „Plebeii
1097 1555 1181 1593 ludi
1212 1556 1260 1594 ab
1291 1555 1469 1594 aedilibus
1501 1555 1545 1593 L.
1578 1555 1762 1592 Terentio
1793 1554 1895 1592 Mas·

412 1628 555 1665 saliota
585 1629 624 1663 et
654 1625 720 1663 Cn.
749 1625 877 1662 Baebio
909 1623 1134 1675 Tamphi10‚
1168 1625 1235 1674 qui
1266 1627 1414 1673 praetor
1445 1624 1672 1671 designatus
1703 1627 1806 1670 erat,
1837 1626 1897 1660 ter

412 1696 486 1733 toti
516 1691 767 1732 instaurati“.
798 1713 854 1717 —
893 1695 927 1730 6.
971 1689 1014 1730 Τ.
1050 1687 1262 1730 Publilius
1294 1687 1429 1730 Pellio
1468 1689 1538 1739 (sie
1569 1688 1673 1740 cod.)
1706 1694 1897 1729 notusex

412 1763 551 1801 Bacch.
571 1764 648 1800 211
668 1774 746 1811 sq.:
783 1760 936 1809 „Etiam
954 1760 1174 1809 Epidicum,
1207 1773 1321 1810 quam
1347 1773 1418 1810 ego
1446 1760 1614 1797 fabulam
1640 1772 1763 1808 aeque
1780 1772 1824 1796 ac
1838 1769 1908 1796 me·

412 1833 540 1882 ipsum
571 1844 670 1877 amo,
704 1829 862 1867 Nullam
894 1841 1017 1878 aeque
1048 1829 1198 1866 inuitus
1228 1831 1373 1878 specto,
1406 1829 1438 1864 si
1470 1830 1552 1877 agit
1581 1825 1746 1865 Pellio“.
1776 1846 1828 1852 —
1859 1826 1896 1864 8.

413 1895 632 1948 Marcipor
667 1894 794 1947 Oppi,
825 1898 849 1934 i.
884 1910 916 1934 e.
949 1896 1002 1934 M.
1035 1896 1154 1946 Oppii
1184 1909 1284 1946 puer
1314 1896 1374 1934 vel
1407 1908 1562 1942 servus,
1595 1895 1642 1933 cf.
1675 1894 1836 1941 Quintil.
1866 1893 1896 1941 I,

413 1969 450 2016 4,
487 1969 560 2006 26:
606 1968 669 2014 „in
700 1966 822 2004 servis
852 1966 928 2002 iam
959 1964 1161 2002 intercidit
1191 1964 1288 2001 illud
1318 1977 1462 2013 genuS,
1495 1963 1602 2013 quod
1633 1962 1848 2001 ducebatur
1875 1973 1905 2000 α’

413 2036 589 2082 domino,
629 2035 733 2073 unde
763 2033 1006 2082 Marcipores
1036 2030 1388 2081 Publiporesque“.
1465 2032 1563 2069 Plin.
1596 2030 1789 2078 XXXIII,
1832 2031 1895 2069 26.

413 2104 659 2154 Marquardt.
693 2102 801 2139 Rom.
835 2100 1133 2139 Privatalterth.
1159 2100 1177 2137 Ι
1207 2114 1244 2150 p.
1275 2102 1339 2138 21.
1376 2120 1428 2124 -
1460 2101 1495 2137 9.
1536 2096 1650 2137 tibiis
1681 2083 1918 2145 Sarranis,-

413 2174 469 2210 sic
499 2173 617 2209 etiam
648 2171 863 2208 didascalia
893 2169 981 2207 Ter.
1008 2168 1081 2206 Ad.
1107 2169 1191 2206 cod.
1210 2169 1313 2215 Vat.‚
1345 2181 1463 2218 quum
1494 2169 1533 2204 in
1564 2166 1754 2205 Bembino
1789 2165 1896 2213 „Ser-

412 2237 542 2278 ranis“
570 2241 632 2278 sit.
692 2238 847 2276 Eaedem
879 2238 1046 2275 sinistrae
1077 2240 1179 2283 sunt,
1212 2249 1246 2273 v.
1273 2235 1413 2274 Donat.
1445 2236 1492 2272 fr.
1518 2235 1566 2272 de
1593 2248 1687 2272 com.
1717 2232 1911 2281 „Dextrae''

413 2312 453 2346 et
483 2308 617 2356 Lydiae
652 2320 722 2344 sua
759 2307 954 2355 gravitate
995 2306 1135 2342 seriam
1173 2304 1381 2342 comoediae
1421 2303 1630 2342 dictionem
1669 2301 1898 2354 pronuntia-

413 2376 525 2423 bant;
571 2376 739 2413 sinistrae
777 2378 815 2411 et
845 2373 1023 2411 Sarranae
1063 2373 1252 2410 acuminis
1282 2372 1443 2409 levitate
1472 2372 1600 2409 iocum
1631 2372 1671 2408 in
1702 2368 1899 2408 comoedia

416 2440 717 2482 ostendebant“.
767 2462 815 2468 —
864 2441 990 2480 totam
1028 2442 1060 2478 si
1097 2453 1233 2478 verum
1271 2443 1350 2487 est,
1395 2437 1540 2478 modos
1578 2433 1679 2485 fecit
1714 2449 1786 2488 pro
1820 2447 1903 2474 uno

412 2511 534 2549 verbo
566 2511 773 2548 transitivo
804 2512 986 2560 ponitur;
1017 2509 1119 2547 idem
1153 2513 1281 2546 exstat
1310 2509 1350 2545 in
1382 2507 1461 2546 did.
1494 2507 1583 2545 Ter.
1616 2506 1771 2545 Phorm.
1797 2504 1896 2552 vat„

412 2579 479 2616 sed
511 2577 595 2616 fieri
627 2582 757 2629 potest
786 2582 831 2615 ut
864 2578 949 2616 tota
979 2577 1229 2616 scribendum
1268 2578 1337 2623 sit,
1377 2575 1483 2625 quod
1514 2574 1646 2612 Bemb.
1679 2574 1718 2611 in
1748 2572 1898 2621 Hecyra

413 2650 453 2685 et
482 2648 522 2685 in
553 2645 742 2696 Adelphis
773 2645 943 2695 praebet,
986 2646 1025 2682 in
1056 2645 1207 2682 Andria
1243 2644 1458 2695 praebuisse
1497 2643 1673 2690 videtur,
1719 2639 1896 2691 quoniam

413 2715 590 2753 Donatus
621 2713 692 2751 hoc
723 2714 910 2751 vocabulo
943 2725 1075 2751 errore
1107 2727 1193 2751 cum
1224 2711 1477 2762 sequentibus
1508 2712 1642 2748 iuncto
1665 2709 1799 2746 habet:
1834 2708 1898 2755 „et

414 2789 472 2821 est
504 2787 589 2820 tota
620 2779 794 2819 G1·aeca“.
857 2781 940 2818 tota
978 2784 1105 2818 autem
1144 2781 1319 2818 ablativo
1358 2792 1450 2816 casu
1492 2777 1751 2816 intellexerim
1789 2772 1898 2825 quasi
