2009 3218
151 217 181 262 1,
205 217 238 259 8.
268 214 443 251 lxv—18⁹7
779 212 1026 249 Trinummus.

148 341 275 385 Flens
309 354 373 381 nte
405 338 654 381 obsecrauit
684 352 762 381 suo
794 353 846 380 ne
878 343 1010 390 gnato
1042 340 1262 382 crederem

147 413 238 456 Neu
270 412 515 466 quoiquam,
548 410 659 452 unde
691 410 745 452 ad
777 424 874 452 eum
908 410 953 451 id
984 417 1132 465 posset
1165 427 1504 466 permanascere.

148 486 267 528 Nunc
296 484 331 525 si
363 482 434 524 ille
466 482 547 524 huc
579 482 724 524 saluos
756 482 936 531 reuenit‚
971 482 1149 525 reddam
1182 499 1306 526 suum
1340 486 1440 538 sibi3

146 557 189 600 Si
220 555 323 611 quid
355 569 404 597 eo
437 553 576 605 fuerit,
608 558 725 595 certe
755 553 872 595 illius
904 553 1032 605 filiae,

146 629 263 681 Quae
297 626 398 668 mihi
430 626 634 667 mandata
665 630 744 676 est,
776 625 916 668 habeo
948 626 1094 668 dotem
1126 627 1239 669 unde
1271 629 1381 679 dein,

149 700 204 744 Ut
233 713 327 742 eam
358 699 400 740 in
433 713 477 740 se
509 697 682 750 dignam
715 698 1013 741 condicionem
1045 699 1278 742 conlocem.

693 811 1077 865 Meyarovzisles

146 886 228 928 Pro
260 884 302 927 di
334 883 601 934 inmortales,
634 883 779 925 uerbis
812 885 962 939 paucis
994 899 1122 938 quam
1156 886 1242 928 cito

146 958 285 1000 Alium
317 956 457 998 fecisti
486 970 573 1006 me;
605 956 716 998 alius
750 957 806 998 ad
835 961 877 998 te
910 971 1127 999 ueneram.

146 1030 229 1073 Sed
261 1034 310 1072 ut
339 1029 559 1083 occepisti,
592 1042 721 1083 perge
753 1043 882 1083 porro
914 1029 1126 1084 proloqui.

760 1142 1020 1185 Callicles

145 1215 255 1267 Quid
287 1215 365 1257 tibi
398 1229 475 1268 ego
508 1215 661 1260 dicam.
695 1215 768 1268 qui
801 1213 917 1256 illius
949 1215 1209 1268 sapientiam

147 1289 201 1330 Et
229 1301 366 1330 meam
397 1286 651 1329 fidelitatem
683 1292 726 1328 et
757 1286 899 1328 celata
931 1288 1075 1328 omnia

145 1360 284 1403 Paene
315 1360 387 1401 ille
419 1360 599 1413 ignauos
630 1358 824 1400 funditus
857 1373 1031 1412 pessum
1064 1359 1212 1402 dedit?

146 1519 182 1571 Q
216 1520 224 1527 ·
257 1519 283 1562 d
369 1520 389 1560 p
693 1461 1080 1514 Megaronides

183 1534 226 1562 u1
287 1533 358 1560 um

757 1611 1017 1656 Callicles

469 1684 590 1736 Quia,
623 1686 713 1726 ruri
745 1684 847 1727 dum
880 1700 973 1727 sum
1007 1700 1084 1740 ego
1117 1702 1225 1729 unos
1258 1702 1332 1730 sex
1364 1688 1466 1740 dies,

143 1756 210 1800 Me
241 1757 420 1800 absente
452 1762 582 1812 atque
614 1757 836 1809 insciente,
869 1758 1115 1800 inconsultu
1146 1774 1254 1810 meo,

144 1829 273 1872 Aedis
306 1829 471 1872 uenalis
502 1829 631 1872 hasce
664 1829 865 1871 inscribit
895 1830 1047 1873 literis.

696 1932 1072 1986 Meyaro-nides

129 2000 393 2047 ⁴Adesuriuit
424 2009 467 2047 et
498 2005 688 2046 inhiauit
719 2005 862 2046 acrius

142 2075 307 2130 Lupus;
339 2076 594 2119 obseruauit
626 2077 727 2118 dum
761 2077 1052 2119 dormitarent
1083 2092 1230 2131 canes;

142 2146 324 2202 Gregem
355 2149 610 2191 uniuorsum
642 2150 783 2191 uoluit
813 2154 954 2191 totum
987 2155 1199 2193 auortere.

756 2250 1008 2293 Callicles

142 2321 333 2366 Fecisset
363 2324 530 2377 edepol,
563 2325 604 2365 ni
638 2324 746 2365 haec
778 2325 1091 2377 praesensisset
1121 2339 1261 2368 canes.

142 2393 222 2436 Sed
254 2409 366 2437 nunc
398 2410 550 2449 rogare
583 2410 661 2448 ego
693 2396 882 2437 uicissim
916 2401 957 2437 te
990 2397 1102 2447 uolo,
1264 2399 1268 2403 '

141 2464 252 2516 Quid
282 2466 363 2509 suit
393 2467 580 2510 officium
612 2482 753 2509 meum
787 2482 853 2509 me
886 2467 1042 2510 facere.
1103 2469 1191 2511 Fae.
1222 2471 1368 2512 sciam.

252 2628 316 2662 156
339 2626 440 2661 Neue
523 2638 806 2670 pei-manescere
893 2628 957 2661 158
980 2631 1083 2662 certo
1169 2629 1231 2663 159
1255 2628 1432 2664 mandata
1456 2630 1486 2664 si

1557 219 1637 259 263

1574 355 1637 388 155

1571 715 1637 748 160

1567 1303 1634 1337 165

1569 2022 1634 2054 170

1564 2484 1627 2517 175

1562 2631 1622 2664 161

139 2681 189 2717 dii
211 2683 248 2718 Β
318 2683 381 2719 162
404 2687 462 2719 ate
537 2685 599 2718 163
625 2684 794 2727 occipisti
820 2684 855 2718 B
929 2685 991 2718 166
1015 2696 1134 2729 poene
1153 2685 1201 2728 B,
1229 2697 1323 2730 pene
1345 2685 1374 2721 G
1442 2694 1571 2731 spessfi
1589 2687 1626 2722 B

142 2738 205 2775 1⁶⁷
228 2751 315 2775 rure
418 2752 498 2775 sum
525 2751 590 2776 om.
616 2740 653 2775 B
727 2742 789 2775 169
815 2740 922 2775 aedes
1024 2742 1172 2777 uenales
1199 2742 1228 2777 Ο
1320 2744 1385 2778 170
1408 2743 1625 2779 Adesurim't

138 2795 254 2840 magi·
277 2800 315 2832 et
405 2797 605 2832 inebriauit
631 2796 661 2832 G
754 2799 817 2832 174
842 2808 948 2832 orare
974 2796 1004 2831 C
1097 2799 1160 2833 175
1184 2798 1263 2834 face
1289 2797 1361 2834 BC
