2009 3218
139 202 202 240 111.
228 204 260 244 3,
285 204 420 238 22—36
804 202 963 239 Rudeus.
1554 207 1629 245 127

743 328 1019 370 Palaestra

140 400 360 442 Certumst
393 401 538 442 moriri
571 415 700 455 quam
732 399 846 442 hunc
880 401 970 454 pati
1001 401 1190 452 ¹crassari
1220 401 1418 443 lenonem
1450 402 1493 443 in
1527 416 1604 443 me.

139 472 221 516 Sed
260 472 459 514 muliebri
499 474 641 514 animo
681 487 773 514 sum
814 477 982 522 tamem
1030 474 1212 514 miserae
1258 487 1381 526 quom
1425 473 1543 515 uenit
1589 474 1631 514 in

1092 550 1277 587 mentem
1564 557 1633 591 675

136 616 240 659 Mihi
274 617 439 666 mortis,
473 622 613 658 metus
646 617 838 658 membra
870 621 1068 671 occupat.

752 712 1030 753 Trachalio

822 784 988 838 Edepol
1021 797 1270 838 quamquam
1301 785 1383 827 hoc
1414 785 1630 837 acerbum,

140 856 308 900 Bonum
339 858 528 899 animum
562 857 731 899 habete.

740 951 1020 993 Palaestra

374 1025 483 1067 Nam
515 1024 696 1067 obsecro
729 1024 842 1065 uude
877 1024 1006 1065 bonus
1038 1024 1207 1066 animus
1241 1025 1342 1066 mihi
1374 1025 1626 1067 inuenitur?

743 1119 1021 1161 Trachalio

136 1190 213 1243 Ne,
243 1191 434 1246 inquam,
464 1192 634 1243 timete;
667 1190 858 1233 adsidite
889 1191 960 1232 hic
990 1192 1033 1233 in
1067 1206 1155 1233 ara.

730 1285 1030 1338 Ampelisca

1216 1358 1329 1409 Quid
1363 1361 1495 1403 istaec
1525 1375 1603 1403 ara

135 1431 345 1474 Prodesse
376 1431 502 1474 nobis
524 1431 629 1484 plus
663 1435 807 1485 potest
838 1445 969 1486 quam
1002 1431 1170 1483 signum
1203 1432 1245 1473 in
1277 1431 1377 1475 fano
1410 1432 1482 1475 hic
1511 1434 1629 1476 intus

135 1503 335 1555 Ueneris,
381 1503 499 1558 quod
544 1503 767 1558 amplexae
814 1503 961 1555 modo,
1007 1503 1120 1545 unde
1167 1503 1379 1558 abreptae
1423 1519 1501 1558 per
1541 1507 1628 1548 uim

1084 1576 1296 1618 miserae?
1564 1590 1632 1624 680

749 1655 1023 1697 Trachalio

135 1725 288 1770 Sedete
320 1728 390 1770 hic
422 1729 570 1781 m0d03
611 1742 689 1782 ego
720 1729 820 1770 hine
850 1742 928 1770 uos
960 1733 1106 1770 tamen
1137 1728 1326 1770 tutabor.
1390 1730 1519 1774 Aram
1554 1732 1625 1774 ha-

1084 1801 1183 1843 bete
1215 1801 1326 1844 hanc

134 1870 267 1914 Uobis
298 1887 376 1926 pro
409 1873 584 1924 castris3
618 1872 789 1914 moenia
818 1872 932 1924 hae03
963 1872 1063 1914 hinc
1094 1887 1172 1926 ego
1203 1887 1282 1916 uos
1315 1874 1563 1919 defensabo.

137 1942 360 1987 Praesidio
392 1944 574 1987 Ueneris
606 1944 800 1986 malitiae
831 1945 999 1986 lenonis
1033 1950 1184 1987 contra
1215 1946 1424 1990 incedam.

740 2039 1027 2081 Palaestra

140 2109 236 2152 Tibi
269 2112 568 2154 auscultamus
601 2117 656 2163 et,
692 2111 836 2154 Uenus
869 2112 997 2163 alma,
1031 2112 1185 2154 ambae
1216 2119 1258 2155 te
1291 2114 1566 2158 obsecramus

136 2182 264 2224 Aram
285 2183 582 2238 amplexantes
599 2184 710 2225 hanc
727 2188 846 2225 tuam
863 2184 1167 2235 lacrumantes,
1193 2186 1376 2239 genibus
1400 2189 1540 2240 nixae,
1565 2201 1632 2234 685

135 2253 183 2296 In
215 2256 482 2298 custodelam
515 2270 593 2298 nos
625 2260 742 2297 tuam
776 2261 825 2298 ut
856 2257 1041 2311 recipias
1074 2262 1117 2299 et
1147 2262 1309 2310 tutere;

134 2325 237 2368 Illos
268 2328 487 2380 scelestos,
518 2329 592 2383 qui
624 2333 744 2370 tuum
778 2328 972 2371 fecerunt
1005 2329 1150 2371 fanum
1184 2331 1322 2384 parui,

143 2396 198 2440 Ut
226 2399 427 2442 ulciscare
460 2414 623 2455 nosque
656 2406 703 2441 ut
735 2400 846 2442 hanc
877 2406 954 2443 tua
985 2415 1092 2455 pace
1125 2416 1244 2443 aram
1271 2398 1476 2445 'obsidere

249 2559 315 2593 674
341 2558 519 2594 Certunst
542 2559 578 2593 B
707 2558 880 2593 moreirei
904 2558 949 2601 B,
975 2560 1113 2595 morire
1139 2560 1168 2595 C
1304 2563 1468 2607 grassari
1492 2564 1627 2600 lacuna

135 2614 202 2649 675
226 2626 338 2660 quom
364 2617 467 2651 uenit
493 2616 628 2651 lacuna
743 2617 809 2650 676
835 2627 1056 2661 quamquam
1081 2618 1215 2653 lacuna
1326 2621 1395 2654 677
1419 2620 1539 2656 bonus
1566 2623 1626 2656 ani

84 2695 87 2698 >
137 2671 269 2708 lacuna
393 2673 461 2707 678
486 2673 653 2708 adsidete
680 2672 726 2716 B,
752 2684 798 2707 ne
824 2673 990 2708 adsidete
1018 2673 1048 2708 0
1165 2675 1236 2709 ista
1358 2678 1425 2711 679
1451 2678 1534 2721 plus
1561 2689 1624 2713 om.

136 2728 203 2763 680
226 2733 383 2774 arreptae
408 2729 444 2763 B
548 2731 614 2765 682
638 2730 729 2764 haec
755 2740 821 2764 om.
934 2732 1001 2765 686
1026 2731 1235 2766 custodiam
1344 2734 1502 2768 688—90
1523 2737 1626 2779 prin-

137 2784 234 2829 cipia
255 2797 423 2821 versuum
446 2788 580 2822 lacuna
603 2788 725 2821 haum
816 2788 883 2821 688
908 2787 1087 2822 obsedere
1116 2787 1146 2823 G
