2009 3218
265 202 346 240 648
883 197 1135 233 Truculentus.

266 327 365 372 769,
407 325 513 375 quod
543 326 659 373 longe
691 325 798 363 aliud
829 330 900 363 est.
967 325 1012 363 In
1043 327 1184 364 ceteris
1215 326 1463 376 Spengelium
1495 331 1533 364 et
1565 325 1750 364 Bothium

264 398 420 431 secutus
451 406 548 439 sum,
579 393 626 429 cf.
658 392 796 430 Bacch.
832 394 908 431 579
942 407 998 443 sq.

378 462 471 498 655.
505 469 546 498 es
577 460 711 498 Lamb.
744 480 797 485 —
830 462 922 499 656.
953 458 1061 500 intro
1091 458 1195 500 ieris
1225 462 1304 512 Sp„
1337 462 1384 499 cf.
1406 463 1497 499 174.
1527 481 1583 486 -
1612 457 1748 508 Anne,

263 529 310 567 cf.
329 527 378 566 ad
401 528 643 567 Rud.1127.
669 548 723 553 -—
755 529 848 566 657.
880 524 1030 577 Ibitur,
1062 530 1109 567 cf.
1128 530 1248 567 Mero.
1270 531 1361 567 765.
1386 549 1440 555 -
1474 530 1566 567 658.
1598 527 1755 567 morari

265 596 438 645 Langen.
470 595 592 633 Beitr.
618 609 657 646 p.
687 596 763 634 178
795 600 914 646 negat
944 598 1047 647 apud
1078 597 1260 635 Plautum
1290 598 1365 635 nisi
1395 598 1606 635 transitive
1636 598 1753 647 poni·‚

264 677 385 714 quare
416 663 610 701 Sch.·haec
635 663 827 714 Astaphio
859 665 927 702 dat
956 665 1090 702 audito
1122 662 1225 712 „te“,
1256 666 1363 715 quod
1393 663 1478 701 fieri
1507 666 1572 701 vix
1602 668 1752 713 potest;

263 742 314 770 ‘ne
345 741 526 777 censeas,
558 734 604 768 ut
635 731 747 778 solet,
780 745 864 769 cum
897 731 1219 770 antecedentibus
1249 732 1458 781 iungenda.

379 800 470 838 659.
517 799 733 849 Postquam
772 801 877 838 intro
918 801 964 837 iit
1005 799 1193 846 Strabax,
1235 799 1474 848 Stratyllax,
1521 812 1654 836 servus
1685 799 1754 837 ille

265 868 525 914 truculentus,
558 867 718 905 advenit
748 867 883 905 herum
916 881 1111 917 quaerens,
1143 868 1212 905 sed
1242 868 1318 904 iam
1350 867 1397 904 de
1428 870 1533 905 statu
1565 867 1751 914 deiectus,

263 938 308 972 ut
333 935 388 972 ait
412 934 489 972 Cic.
508 935 595 972 loco
621 948 741 984 supra
757 948 794 985 p.
815 936 894 972 609
921 935 1081 973 laudato
1113 937 1174 974 vel
1204 939 1419 986 „perpetuo
1450 932 1751 981 commutatus“‚

263 1006 308 1040 ut
339 1003 396 1040 ait
427 1002 602 1040 Donatus
635 1003 681 1040 ad
716 1003 804 1040 Ter.
837 1003 911 1040 Ad.
947 1006 981 1049 5,
1015 1004 1052 1050 9,
1086 1004 1152 1052 29,
1183 1007 1228 1041 ut
1257 1004 1341 1052 ipse
1372 1016 1450 1041 non
1481 1004 1607 1040 minus
1637 1016 1753 1052 quam

263 1071 381 1109 herus
413 1072 557 1109 amoris
589 1071 752 1121 cupidus
783 1072 844 1108 sit.
905 1070 1038 1108 Talem
1063 1072 1181 1109 animi
1205 1073 1459 1109 mutationem
1484 1070 1752 1108 incredibilem

265 1152 348 1177 esse
378 1151 492 1176 nemo
525 1139 639 1185 dicet,
671 1139 739 1176 sed
771 1140 907 1176 miram
940 1143 978 1175 et
1008 1138 1234 1184 ridiculam,
1274 1152 1342 1176 nec
1374 1140 1520 1176 iniuria
1551 1140 1752 1188 quaeritur,

264 1207 405 1257 quibus
442 1206 559 1244 rebus
597 1206 733 1244 effecta
773 1208 836 1244 sit.
911 1206 1024 1253 Quod
1063 1220 1181 1256 quum
1221 1208 1261 1244 in
1299 1208 1370 1244 hac
1400 1206 1532 1244 fabula
1562 1220 1752 1256 nusquam

263 1273 352 1321 fiat,
397 1274 511 1311 multi
556 1275 631 1312 viri
678 1275 782 1312 docti
826 1268 982 1325 partem
1028 1276 1110 1313 eius
1156 1275 1345 1313 excidisse
1390 1279 1600 1324 putarunt,
1646 1275 1755 1313 velut

265 1342 497 1392 Spengelius
542 1343 650 1392 praef.
683 1356 720 1392 p.
753 1343 785 1379 V
815 1343 976 1381 tertium
1015 1347 1143 1381 actum
1183 1343 1264 1380 fere
1305 1347 1447 1390 totum,
1486 1346 1668 1392 quartum
1707 1356 1754 1380 ex

264 1414 378 1461 parte
424 1411 589 1459 periisse
636 1414 790 1459 censet,
837 1412 913 1449 alia
957 1411 1238 1449 Reinhardtius
1282 1412 1320 1448 in
1367 1410 1541 1449 Studem.
1582 1411 1692 1448 Stud.
1726 1412 1756 1459 Ι,

264 1490 302 1527 p.
339 1478 414 1515 101
455 1491 533 1527 sq.,
582 1479 649 1516 alii
687 1479 821 1525 aliter;
868 1479 935 1517 sed
982 1477 1244 1517 confitendum
1289 1483 1348 1516 est
1384 1479 1536 1516 hiatum
1574 1484 1752 1528 apertum

264 1546 412 1583 lacunae
451 1545 619 1584 indicem
659 1560 849 1596 nusquam
891 1560 1094 1597 apparere.
1171 1547 1356 1585 Goetzius
1395 1551 1524 1584 autem
1557 1549 1642 1585 Act.
1675 1560 1752 1585 soc.

266 1613 372 1664 Lips.
398 1613 450 1651 VI
472 1628 511 1662 p.
539 1615 620 1652 288
652 1628 738 1664 sqq.
770 1619 894 1653 totum
927 1615 1028 1652 hunc
1058 1616 1186 1654 locum
1216 1615 1496 1652 retractatione
1527 1616 1565 1652 in
1597 1615 1757 1653 brevius

263 1686 508 1720 contractum
524 1687 648 1731 putat.
711 1683 788 1720 Sed
812 1684 941 1721 nescio
967 1697 1014 1720 an
1032 1684 1155 1732 ipsius
1173 1683 1304 1720 Plauti
1322 1683 1393 1720 hoc
1411 1683 1547 1720 vitium
1566 1684 1628 1730 sit,
1647 1683 1753 1733 quod

262 1751 300 1787 in
334 1754 474 1788 nostrae
505 1753 631 1788 aetatis
664 1749 781 1801 poeta
812 1751 906 1788 ferri
937 1764 1013 1788 non
1043 1752 1204 1800 potuit?
1248 1752 1444 1800 Antiquus
1478 1755 1608 1788 autem
1637 1756 1754 1800 poeta

264 1831 341 1855 non
363 1822 444 1856 tam
469 1818 508 1855 id
541 1819 614 1856 sibi
639 1821 839 1868 proponit,
864 1822 910 1856 ut
933 1819 1101 1868 explicet
1124 1820 1264 1868 quibus
1289 1819 1511 1856 rationibus
1535 1819 1595 1856 vel
1620 1820 1756 1856 innata

264 1892 414 1924 naturae
454 1887 552 1924 vitia
591 1899 661 1935 per
698 1890 853 1936 tempus
894 1887 1068 1924 cohibita
1105 1886 1318 1937 aliquando
1351 1890 1524 1924 crescant
1555 1887 1616 1923 vel
1648 1888 1754 1935 inge-

264 1956 370 1991 nium
416 1968 554 2005 parum
600 1954 755 1992 firmum
797 1955 962 1992 aliorum
1008 1956 1240 2003 contagione
1285 1959 1515 2004 corruptum
1561 1955 1599 1991 in
1646 1954 1753 1991 aliud

265 2035 387 2071 genus
420 2022 648 2069 delabatur,
694 2036 809 2072 quam
850 2030 893 2060 ut
922 2024 1027 2073 ipsas
1057 2036 1119 2060 res
1151 2027 1190 2060 ct
1220 2036 1348 2060 mores
1381 2022 1580 2060 hominum
1611 2034 1755 2071 pravos

265 2090 452 2140 depingat
482 2096 521 2128 et
551 2096 816 2139 spectatorum
850 2092 945 2129 risui
978 2095 1159 2140 exponat.
1235 2091 1363 2137 Quare
1394 2089 1591 2127 interdum
1622 2090 1662 2126 in
1692 2091 1753 2136 iis,

265 2171 349 2207 quae
381 2159 600 2206 argumenti
631 2171 748 2195 causa
778 2161 997 2197 necessaria
1027 2163 1137 2204 sunt,
1170 2159 1325 2197 brevior
1364 2162 1441 2204 est,
1489 2159 1527 2195 in
1566 2159 1626 2202 iis,
1667 2169 1753 2207 quae

264 2227 430 2263 ridicule
461 2227 657 2276 explicare
688 2227 763 2264 sibi
796 2240 911 2277 posse
944 2228 1112 2273 videtur,
1146 2227 1346 2277 prolixior.

380 2295 472 2331 659.
513 2303 612 2331 rure
642 2291 780 2332 erilem
812 2295 870 2332 ed.
903 2308 977 2344 pr„
1010 2295 1057 2332 cf.
1090 2295 1138 2332 ad
1171 2295 1287 2332 Most.
1326 2295 1444 2332 1058.
1476 2313 1530 2318 —
1563 2294 1655 2331 662.
1689 2290 1752 2331 in·

264 2356 458 2399 clamabit
486 2371 560 2408 me,
591 2359 631 2399 Si
662 2362 776 2400 Both.
837 2362 1028 2400 Fleckeis.
1061 2364 1162 2400 Anu.
1195 2362 1223 2400 C
1255 2375 1291 2412 p.
1327 2363 1427 2408 618;
1459 2362 1506 2399 cf.
1524 2362 1629 2398 Asin.
1657 2363 1750 2398 575.

265 2449 319 2455 —
352 2430 445 2467 663.
485 2426 625 2467 minus
654 2439 799 2468 saeuos
831 2431 891 2468 ed.
925 2443 984 2479 pr.
1016 2450 1070 2455 —
1111 2431 1204 2468 664.
1247 2431 1415 2468 truncus
1446 2425 1582 2467 lentus
1612 2430 1752 2478 scripsi

265 2511 311 2535 ex
355 2498 456 2544 263;
501 2497 603 2534 idem
643 2497 822 2535 Mueller.
854 2497 1016 2536 Nachtr.
1050 2513 1088 2549 p.
1124 2497 1214 2535 147.
1288 2497 1418 2535 Ceteri
1453 2495 1747 2544 ,‚truculentus“

265 2568 436 2603 retinent
464 2566 702 2615 principium
734 2579 869 2604 versus
910 2568 1171 2616 corrigentes,
1214 2565 1300 2614 Sp.:
1352 2563 1472 2610 „Nam
1514 2566 1590 2602 iam
1631 2562 1750 2610 non“,

264 2632 350 2671 Sch.
391 2646 476 2670 cum
515 2633 676 2670 Bothio:
723 2633 825 2678 „Inm
858 2631 1025 2672 noenu“.
1071 2653 1118 2658 —
1163 2634 1240 2671 665
1280 2633 1496 2669 miserrime
1528 2632 1750 2681 corruptus,

263 2715 332 2738 nec
378 2702 417 2738 in
462 2696 708 2738 barbarismo
755 2703 890 2739 rustici
932 2704 1033 2739 servi
1075 2701 1258 2739 hariolari
1299 2700 1406 2737 libet.
1481 2698 1624 2748 Speng.
1669 2698 1748 2736 ed.:

268 2768 393 2815 „Quin
432 2776 474 2806 tu
516 2769 565 2806 ad
605 2782 662 2805 me
702 2767 881 2806 accedis?
930 2775 1113 2819 exspecto
1153 2767 1325 2805 osculum
1364 2765 1512 2803 tuom“.
1589 2765 1747 2803 Kiessl.:
