2009 3218
154 210 223 251 ΙΙΙ,
249 211 280 254 5,
305 210 418 244 ’1-18
827 210 986 245 Rudens.
1563 214 1640 251 135

793 335 1003 377 Lala-as

153 408 257 450 lube
288 408 390 450 dum
422 408 625 450 recedere
657 409 766 450 istos
798 407 925 448 ambo
958 408 1062 449 illuc.
1094 410 1231 450 modo.

753 486 1040 528 Daemones

153 558 287 602 Immo
319 559 375 601 ad
405 564 450 601 te
481 558 702 602 accedent.

786 638 996 680 Labrax

748 711 843 752 Non
876 709 1020 753 hercle
1053 711 1251 766 equidem
1285 727 1451 755 censeo.

751 790 1038 832 Daemones

151 863 262 914 Quid
293 876 407 917 ages,
441 863 476 904 si
508 863 720 905 accedent.
750 862 961 917 propius?

785 941 994 984 Labrax

1018 1014 1108 1069 Ego
1140 1028 1377 1058 recessero.

150 1086 321 1138 Uerum,
352 1101 496 1138 senex,
527 1088 563 1130 si
594 1092 637 1129 te
668 1100 872 1141 umquam
904 1087 947 1128 in
981 1086 1086 1129 urbe
1118 1086 1349 1139 offendero,

148 1159 393 1215 Numquam
425 1159 570 1202 hercle
601 1160 832 1214 quisquam
866 1173 931 1200 me
963 1159 1161 1201 lenonem
1193 1160 1361 1205 dixerit,
1572 1174 1639 1207 780

149 1231 193 1275 Si
224 1237 266 1274 te
298 1247 381 1274 non
412 1231 539 1274 ludos
572 1245 798 1286 pessumos
831 1231 1049 1273 dimisero.

749 1312 1035 1353 Daemones

147 1384 296 1427 Facito
327 1385 440 1426 istuc
471 1383 588 1438 quod
621 1383 861 1434 minitaris3
891 1382 968 1425 sed
999 1397 1113 1425 nunc
1145 1385 1320 1426 interim

148 1457 192 1499 Si
222 1456 320 1499 illas
352 1456 560 1510 attigeris.
593 1455 768 1497 dabitur
798 1455 879 1498 tibi
911 1469 1113 1510 magnum
1146 1457 1320 1498 malum.

785 1535 855 1577 La
876 1535 999 1577 brazl‘

153 1607 289 1658 Quam
322 1623 523 1663 magnum
555 1610 689 1650 uero?

746 1688 1038 1730 Daemones

750 1759 969 1810 Quantum
1001 1760 1145 1804 lenoni
1177 1766 1247 1803 sat
1278 1766 1359 1804 sat.

792 1839 955 1881 Labra
967 1855 995 1881 ,[-

150 1912 356 1956 Minacias
387 1927 465 1967 ego
496 1912 620 1955 flocci
649 1926 735 1954 non
768 1913 923 1954 faciam
955 1917 1074 1961 tuas,
1570 1925 1636 1959 785

151 1983 360 2038 Equidem
391 1985 470 2027 has
501 1990 544 2027 te
574 1986 713 2026 inuito
744 1985 830 2026 iam
863 1984 1012 2026 ambas
1045 1987 1224 2039 rapiam.

748 2063 1034 2105 Daemones

1289 2137 1433 2191 Tange
1465 2138 1579 2180 dum.

507 2244 509 2247 -
786 2216 823 2257 L
834 2231 856 2258 α
869 2216 891 2257 b
900 2231 922 2256 r
932 2229 954 2257 α
964 2230 994 2257 ae

148 2270 335 2326 Tangam
365 2271 509 2315 hercle
540 2287 656 2315 uero.

746 2352 1032 2395 Dae-mones
1267 2399 1271 2402 ,

715 2425 896 2478 Tanges‚
929 2429 975 2467 at
1007 2425 1097 2466 scin
1130 2439 1217 2478 quo
1250 2426 1406 2468 modo?

256 2562 324 2596 776
349 2561 481 2596 amabo
509 2561 538 2597 G
667 2562 733 2595 777
758 2565 906 2603 egomet
932 2559 998 2595 BC
1127 2563 1194 2596 778
1219 2562 1373 2606 propius
1398 2562 1575 2596 accedent
1604 2562 1635 2598 C

147 2617 213 2652 779
235 2617 369 2654 Uerum
395 2619 443 2654 sit
467 2630 578 2653 senex
603 2630 685 2653 eum
712 2629 821 2662 quam
850 2618 879 2652 C
985 2618 1184 2653 defendero
1212 2618 1241 2653 C
1349 2620 1413 2653 781
1444 2630 1516 2654 non
1542 2623 1578 2654 te
1607 2619 1635 2653 C

257 2675 446 2711 dimiserio
469 2675 517 2719 Β,
541 2675 752 2710 dimisserio
781 2674 809 2709 C
927 2676 993 2709 792
1015 2675 1206 2710 minitares
1232 2674 1263 2710 C
1379 2676 1446 2710 784
1472 2687 1560 2711 uero
1585 2675 1630 2719 :ssss

146 2741 253 2775 quam
277 2743 453 2776 magnum
477 2733 600 2768 lenoni
626 2732 662 2767 B
783 2733 849 2767 785
873 2743 942 2776 ego
968 2733 1057 2767 istas
1080 2731 1186 2767 flocci
1210 2732 1276 2769 BC
1389 2733 1456 2767 786
1481 2743 1541 2766 eas
1567 2731 1633 2767 BC

146 2787 212 2823 '78¹1
234 2792 347 2832 tange
369 2794 427 2825 sat
