2009 3218
146 155 215 198 ΠΙ,
239 157 270 197 2,
296 155 404 188 2—11
775 152 1024 187 Trfflummuu.

1555 159 1577 196 10

1583 157 1605 196 <2

1612 158 1634 196 02

755 278 1028 332 Lysiteles

646 392 650 397 ¹
1137 352 1180 392 Si
1214 352 1254 392 in
1287 366 1375 393 rem
1408 357 1541 403 tuam,
1568 364 1636 397 630

145 424 391 475 Lesbonice,
423 437 515 464 esse
550 423 763 465 uideatur.
798 422 960 475 gloriae
993 428 1067 463 aut
1101 423 1253 473 famae,
1287 425 1438 465 sinam.

716 513 1052 554 Lesbonicus

146 587 270 640 Quod
301 592 366 629 est
397 585 660 628 facillumum
692 585 810 627 facis.

745 677 1022 731 Lysiteles

875 748 987 799 Quid
1019 748 1062 790 id
1095 750 1189 790 est?

715 840 1050 881 Lesbonicus

1238 897 1384 938 Amico
1416 898 1630 939 iniuriam.

756 976 1025 1030 Lysiteles

143 1051 291 1106 Neque
322 1054 508 1092 meumst
539 1063 679 1104 neque
711 1048 852 1091 facere
885 1049 1031 1091 didici.

723 1139 1052 1182 Lesbonicus

951 1213 1155 1255 Indoctus
1186 1226 1314 1267 quam
1347 1212 1473 1254 docte
1503 1211 1630 1254 facis!

144 1285 252 1336 Quid
283 1285 468 1335 faceres,
508 1286 544 1328 si
583 1286 680 1340 quis
717 1285 938 1327 docuisset
970 1290 1012 1327 te
1043 1290 1092 1327 ut
1124 1285 1186 1326 sic
1217 1284 1316 1326 odio
1350 1299 1466 1326 esses
1497 1283 1630 1325 mihi?

143 1356 256 1400 Bene
288 1372 418 1413 quom
449 1358 628 1400 simulas
660 1357 802 1399 facere
835 1357 942 1399 mihi
971 1362 1034 1408 te,
1078 1358 1186 1398 male
1218 1356 1346 1408 facis,
1387 1356 1499 1399 male
1532 1370 1630 1398 con-

787 1460 790 1464 .
1093 1429 1212 1472 sulis.
1565 1440 1632 1473 635

744 1502 1020 1556 Lysiteles

141 1557 315 1613 Egone?

713 1631 1049 1672 Lesbonicus

308 1687 372 1730 Tu
403 1701 470 1729 ne.

746 1759 1020 1814 Lysiteles

468 1831 583 1883 Quid
613 1831 726 1874 male
757 1831 900 1874 facio?

712 1911 1056 1954 Lesbonicus

858 1982 982 2033 Quod
1013 1998 1091 2038 ego
1125 1983 1236 2034 nolo,
1268 1983 1313 2025 id
1345 1997 1472 2037 quom
1507 1983 1625 2026 facis.

746 2063 1012 2117 Lysiteles

139 2132 254 2176 Tuae
285 2135 344 2176 rei
377 2134 487 2177 bene
520 2136 744 2177 consulere
777 2137 913 2188 cupio.

718 2215 1048 2256 Lesbonicus·

732 2287 794 2328 Tu
827 2286 931 2328 mihi
964 2301 1010 2328 es
1042 2285 1193 2327 melior
1225 2300 1354 2339 quam
1386 2300 1464 2341 ego
1496 2287 1629 2328 mihi‘?

139 2356 211 2400 Sat
236 2359 380 2413 sapi0;
412 2360 519 2402 satis
551 2360 595 2400 in
627 2373 716 2400 rem
749 2373 858 2413 quae
890 2359 978 2399 siut
1002 2372 1139 2400 meam
1165 2360 1487 2413 egoconspicio
1512 2359 1627 2401 mihi.

746 2453 777 2494 1,
804 2452 1021 2493 ·siteles

140 2524 203 2566 An
228 2525 272 2566 id
298 2531 363 2567 est
391 2540 554 2580 sapere,
582 2532 629 2567 ut
653 2526 726 2578 qui
753 2468 1002 2566 bgneficium
1032 2538 1057 2565 a
1090 2523 1373 2567 beneuolente
1399 2525 1628 2579 repudies?

254 2684 321 2718 633
346 2689 465 2718 meust
491 2683 555 2717 BC
645 2695 739 2725 quau
769 2682 797 2716 C
821 2683 824 2686 ’
882 2685 948 2715 6:³5
973 2681 1038 2724 Qui
1066 2682 1158 2716 bene
1245 2684 1312 2717 637
1337 2687 1484 2726 egomet
1564 2685 1630 2717 639

141 2748 162 2773 a
185 2749 251 2774 om.
276 2738 342 2774 BC
