2009 3218
377 223 454 260 114
588 261 593 267 ,
1048 215 1167 249 Plauti
1613 216 1664 259 Π,
1692 218 1724 259 5,
1748 214 1860 259 5—g27

373 343 522 385 Satine
552 355 737 396 nequam
769 355 876 391 sum,
908 344 1062 394 utpote
1095 342 1167 394 qui
1200 340 1328 381 hodie
1358 340 1593 394 inceperim

375 414 561 456 Amare?
625 413 698 454 Em
732 412 810 453 tibi
844 426 1012 466 aquam,
1044 426 1140 452 mea
1172 418 1215 452 tu
1249 411 1374 452 bella.
1436 412 1528 463 Em,
1560 413 1621 454 sic
1651 412 1752 453 uolo

373 486 432 527 Te
463 484 574 527 ferre
606 484 801 536 honeste,
836 487 881 524 ut
913 498 990 537 ego
1022 483 1125 533 fero,
1157 487 1206 524 ut
1237 484 1410 536 placeas
1441 484 1559 524 mihi.

374 558 456 599 Sed
489 557 561 597 ubi
594 561 641 597 tu
674 569 730 606 es,
762 555 979 596 delicata?
1011 569 1114 608 cape
1149 569 1306 608 aquam
1338 555 1450 597 hanc
1482 556 1553 597 sis.
1617 555 1699 597 Ubi
1732 556 1804 596 θεῖ)

376 630 504 670 Amat
535 627 680 669 hercle
711 641 791 678 me,
824 632 872 668 ut
903 640 980 680 ego
1013 628 1186 679 opinor3
1219 627 1392 668 delituit
1424 627 1548 667 mala.
1795 639 1862 672 455

376 701 460 743 Ubi
490 704 539 741 tu
570 700 645 741 θεῖ)
705 699 904 741 Etiamne
937 699 1046 740 hanc
1077 712 1229 739 urnam
1261 702 1496 752 acceptura
1528 700 1600 740 θεῖ)
1633 699 1706 741 ubi
1739 700 1814 741 θεῖ)

377 771 656 814 Commodule
687 771 813 813 ludis.
875 771 1068 812 Tandem
1099 784 1203 812 uero
1235 771 1362 819 serio,

376 844 518 885 Etiam
552 848 787 897 acceptura
818 857 862 883 es
893 857 1044 883 urnam
1077 843 1216 884 hanc?
1276 842 1359 883 Ubi
1391 847 1438 883 tu
1471 856 1514 883 es
1545 843 1768 895 gentium?

376 916 601 969 Nusquam
632 914 776 956 hercle
808 914 1008 968 equidem
1041 903 1159 955 illam
1191 914 1340 966 uide03
1369 914 1498 955 ludos
1529 928 1595 955 me
1626 913 1743 955 facit.

378 989 603 1042 Adponam
636 987 779 1028 hercle
811 1000 965 1027 urnam
996 987 1081 1027 iam
1113 999 1192 1038 ego
1223 985 1334 1026 hanc
1363 986 1406 1026 in
1437 986 1579 1027 media
1610 986 1694 1027 uia.
1798 997 1865 1030 460

380 1060 464 1102 Sed
496 1065 642 1101 autem
674 1059 778 1113 quid
811 1060 844 1100 si
877 1059 987 1099 hanc
1018 1058 1118 1099 hinc
1150 1058 1381 1100 abstulerit
1411 1058 1626 1112 quispiam

380 1132 556 1174 Sacram
588 1145 742 1172 urnam
775 1130 983 1172 Ueneris?
1016 1130 1119 1171 mihi
1152 1130 1355 1172 exhibeat
1385 1131 1618 1183 negotium.

378 1204 525 1246 Metuo
557 1203 700 1244 hercle
732 1217 785 1243 ne
816 1203 891 1243 illa
922 1202 1075 1243 mulier
1107 1203 1209 1243 mihi
1241 1202 1420 1244 insidias
1450 1202 1578 1254 locet,

384 1277 437 1318 Ut
468 1274 796 1330 conprehendar
828 1289 922 1316 cum
956 1288 1081 1316 sacra
1112 1289 1221 1316 urna
1256 1274 1451 1316 Ueneria.

377 1349 541 1403 Nempe
575 1352 750 1402 optumo
782 1361 845 1388 me
874 1348 968 1388 iure
999 1347 1041 1387 in
1075 1347 1228 1388 uinclis
1260 1347 1402 1388 enicet
1798 1358 1864 1392 465

379 1422 672 1475 Magistratus,
705 1420 740 1461 si
773 1420 869 1473 quis
901 1433 967 1460 me
999 1419 1111 1459 hanc
1141 1418 1302 1460 habere
1333 1418 1511 1470 uiderit3

380 1494 487 1535 Nam
518 1493 625 1534 haec
657 1492 915 1541 litteratast3
949 1505 1075 1544 eapse
1108 1495 1256 1533 cantat
1288 1491 1420 1544 quoia
1450 1491 1518 1532 sit.

378 1566 468 1606 Iam
501 1564 642 1607 hercle
675 1563 868 1604 euocabo
901 1562 1000 1604 hinc
1031 1563 1142 1604 hanc
1173 1563 1443 1605 sacerdotem
1474 1561 1605 1612 foras,

383 1638 437 1678 Ut
468 1637 578 1677 hanc
610 1636 800 1689 accipiat
834 1649 996 1676 urnam.
1059 1635 1272 1676 Accedam
1303 1634 1388 1675 huc
1420 1634 1475 1676 ad
1506 1634 1633 1676 fores.

381 1710 497 1750 Heus
530 1709 606 1759 exi,
638 1707 986 1756 Ptolemocratia,
1020 1721 1124 1760 cape
1156 1707 1267 1747 hanc
1298 1721 1449 1747 urnam
1482 1706 1581 1747 tibi:
1800 1717 1893 1751 470Ὗ

382 1779 636 1822 Muliercula
668 1780 778 1820 hanc
810 1780 954 1821 nescio
989 1793 1100 1832 quae
1134 1779 1216 1820 huc
1247 1778 1301 1820 ad
1334 1793 1399 1820 me
1432 1778 1608 1830 detulit3

384 1853 500 1893 Intro
533 1852 770 1892 ferundast.
832 1852 1017 1905 Repperi
1050 1852 1281 1903 negotium,

381 1924 425 1965 Si
457 1923 631 1977 quidem
664 1923 729 1964 his
763 1923 864 1964 mihi
897 1923 1012 1964 ultro
1045 1923 1298 1976 adgerunda
1330 1924 1457 1963 etiam
1491 1927 1555 1964 est·
1585 1936 1712 1977 aqua.

493 2084 555 2116 451
585 2082 680 2115 Satis
708 2093 863 2125 nequam
975 2086 1016 2115 ut
1040 2094 1106 2126 pro
1134 2085 1169 2115 te
1282 2084 1348 2116 452
1375 2093 1496 2116 amare
1522 2081 1743 2115 antecedenti
1767 2091 1868 2115 versu

383 2140 464 2173 hem
494 2139 522 2173 C
613 2139 763 2172 belliata
855 2138 939 2172 hem
968 2138 996 2172 C
1093 2140 1159 2171 454
1185 2138 1212 2171 si
1241 2139 1303 2172 ubi
1331 2151 1366 2173 θε
1394 2138 1421 2173 G
1512 2139 1669 2172 4:35—56
1691 2142 1774 2181 post
1800 2139 1868 2173 446

376 2196 485 2240 ponit
509 2194 543 2229 Β
622 2197 688 2229 456
715 2198 770 2229 est
796 2196 824 2229 G
901 2206 946 2228 an
972 2205 1125 2228 curnam
1155 2194 1183 2229 G
1257 2197 1460 2239 acceptura
1479 2195 1590 2229 ubiB
1668 2197 1734 2228 457
1760 2193 1866 2229 Com·

381 2253 529 2287 module
557 2252 684 2286 melius
781 2252 880 2285 uerio
908 2252 936 2285 O
1040 2253 1107 2286 459
1133 2263 1183 2295 sq.
1210 2250 1399 2296 Nusquam
1425 2251 1545 2286 hercle
1571 2263 1699 2286 urnam
1725 2251 1870 2287 omissis

381 2309 510 2343 mediis
538 2309 567 2343 O
678 2307 763 2341 fecit
787 2307 822 2342 B
939 2310 1005 2342 465
1032 2308 1171 2342 obtimo
1199 2308 1227 2343 C
1340 2319 1397 2342 me
1423 2318 1488 2343 om.
1600 2309 1667 2343 466
1691 2308 1870 2352 magistra

382 2367 468 2400 iussi
499 2367 526 2400 G
603 2367 669 2399 467
694 2365 835 2399 litterat
860 2369 914 2398 est
939 2364 985 2408 B,
1011 2366 1197 2399 litteratas
1225 2365 1254 2400 C
1337 2366 1382 2399 ab
1409 2377 1447 2399 se
1474 2364 1502 2398 C
1580 2366 1647 2399 470
1672 2365 1779 2399 Eussi

486 2423 649 2465 ptolemo
676 2424 795 2465 gratia
818 2422 863 2463 B,
888 2422 1072 2466 ptolemeo
1098 2422 1216 2466 gratia
1245 2421 1274 2456 C
1374 2423 1440 2455 472
1464 2420 1508 2455 In
1534 2422 1798 2465 proferundast
