2009 3218
781 196 821 231 V.
852 196 947 230 1—7.
1533 200 1609 240 521

238 323 386 362 Fabula
424 324 562 374 incipit
600 337 621 361 a
652 324 804 362 cantico
835 338 1014 362 sororum
1049 327 1166 364 variis
1198 327 1391 376 numeris,
1431 326 1498 364 sed
1530 327 1613 365 fere

124 393 298 432 iambicis
335 395 374 430 et
412 392 658 442 anapaesticis
696 393 853 442 scripto.
927 393 967 431 V.
1006 396 1021 431 l
1060 399 1298 433 monometer
1337 397 1609 445 anapaesticus.

126 463 231 501 2—5
271 461 475 511 compositi
514 474 560 498 ex
600 459 762 510 dipodia
798 461 966 498 iambica
1008 465 1047 499 et
1085 466 1298 512 auapaesto.
1376 464 1397 501 6
1438 463 1612 514 tripodis

122 530 298 569 iambica.
377 530 484 567 7-9
532 542 668 567 versus
708 528 903 577 Reiziani‚
955 543 990 567 v.
1032 530 1144 568 infra.
1220 532 1267 569 10
1308 531 1474 570 dimeter
1522 545 1610 570 ana-

121 599 317 650 paest-icus.
391 598 553 635 11—12
584 597 726 634 similes
760 598 880 635 2-5.
961 599 1007 636 13
1041 597 1260 637 Reizianus.
1343 601 1388 638 14
1422 599 1610 638 iambicus

122 667 298 705 senarius
336 665 600 703 catalecticus.
682 665 841 703 15—18
882 665 1068 703 Reiziani.
1151 667 1196 704 19
1246 667 1415 705 dimeter
1456 682 1608 718 anapae-

121 736 240 774 sticus
270 733 660 784 hypercatalecticus
738 733 1092 771 20—-21-dimet1·i
1125 737 1349 785 anapaestici
1381 736 1608 774 catalectici.

49 834 52 835 γ
122 804 285 841 22-24
333 803 487 840 (lime-tri
527 803 765 851 anapaestici.
843 803 893 839 25
942 801 1033 839 dim.
1074 815 1186 852 anap.
1222 804 1608 854 hypercatalecticus.

122 873 280 910 26—31
309 871 465 908 dimetri
494 884 607 921 anap.
657 871 708 907 32
735 870 885 908 iambus
911 883 995 907 cum
1021 870 1148 908 tribus
1173 873 1395 922 anapaestis,
1444 874 1607 912 33—35

119 939 276 977 dimetri
309 952 420 989 anap.
492 940 542 976 36
575 939 665 976 dim.
700 952 813 989 anap.
847 940 959 977 catal.
1030 940 1080 977 37
1113 939 1203 977 dim.
1237 953 1350 990 anap.
1414 942 1464 979 38
1497 945 1609 991 quat-

36 1028 49 1057 ⁸.
116 1011 205 1046 tuor
236 1007 353 1045 iambi
386 1020 472 1044 cum
506 1007 654 1045 duobus
689 1009 910 1058 anapaestis.
974 1009 1023 1046 39
1056 1011 1136 1045 tres
1162 1008 1323 1046 trocliaei
1347 1022 1432 1046 cum
1457 1009 1608 1048 duobus

117 1077 338 1127 anapaestis.
401 1076 452 1113 40
493 1075 584 1112 dim.
618 1089 731 1125 anap.
806 1077 855 1113 41
898 1076 990 1114 clim.
1025 1089 1136 1126 anap.
1170 1078 1282 1114 catal.
1345 1078 1510 1115 42—49
1552 1077 1608 1114 di-

116 1146 230 1184 metri
260 1158 373 1195 anap.
439 1145 643 1182 50:32.

232 1214 377 1252 1—50.
426 1211 590 1250 Sorores
629 1214 732 1250 inter
770 1225 810 1249 se
848 1213 1143 1263 colloquuntur,
1192 1217 1333 1262 maior,
1382 1215 1607 1266 Panegyris,

114 1282 382 1321 vehementius
414 1285 453 1327 et
483 1281 620 1319 dolore
652 1281 790 1319 affecta
820 1284 859 1318 et
889 1282 1013 1332 patris
1046 1283 1246 1332 ingenium
1277 1284 1434 1333 indigne
1457 1279 1607 1331 ferens,

116 1351 253 1398 minor,
285 1363 403 1400 quum
435 1349 483 1386 ab
515 1350 650 1387 eadem
682 1350 876 1387 sententia
906 1363 983 1388 non
1016 1350 1238 1399 abhorreat,
1271 1355 1403 1389 tamen
1434 1353 1606 1402 aequiore

114 1420 242 1457 animo
283 1422 323 1456 et
362 1418 618 1469 prudentiore
657 1418 820 1456 consilio
863 1432 993 1468 agens,
1070 1419 1113 1456 In
1152 1421 1334 1470 personis
1372 1420 1604 1467 indicandis,

40 1499 49 1504 ·
113 1488 295 1538 quoniam
321 1487 352 1524 A
376 1490 415 1524 et
438 1487 469 1524 B
500 1490 645 1538 praeter
674 1487 834 1524 titulum
861 1487 989 1524 nullos
1022 1487 1164 1525 habent
1198 1489 1360 1536 indices,
1391 1490 1558 1526 maxime
1578 1488 1607 1526 C

113 1560 268 1594 secutus
299 1568 402 1602 sum,
435 1557 491 1592 ita
521 1559 566 1592 ut·
597 1556 760 1593 cursivis
791 1555 936 1593 litteris
968 1569 1013 1592 ea
1045 1559 1331 1607 exprimantur,
1372 1570 1458 1606 quae
1490 1571 1536 1594 ne
1566 1558 1606 1594 in

113 1623 141 1661 C
172 1623 329 1674 quidem
368 1627 570 1674 apparent.
645 1624 687 1660 In
727 1637 908 1661 versuum
953 1624 1058 1662 1-6
1099 1624 1353 1675 discriptione
1386 1627 1418 1663 A
1449 1629 1606 1664 secutus

45 1700 48 1706 '
112 1705 216 1739 sum,
263 1692 442 1742 Spengel.
485 1692 875 1742 Reformvorschlage
920 1705 957 1742 p.
999 1693 1079 1730 414
1126 1697 1165 1730 et
1210 1693 1396 1732 Goetzius
1441 1707 1527 1732 cum
1575 1695 1604 1732 B

111 1761 222 1798 binos
259 1774 395 1799 versus
428 1762 680 1809 coniungunt,
720 1756 764 1798 ut
802 1761 988 1798 dimetros
1028 1762 1283 1810 anapaesticos
1323 1762 1490 1810 faciant,
1536 1763 1605 1800 sed

111 1829 176 1866 ille
207 1830 381 1879 priorem
422 1829 612 1878 syllabam
651 1830 819 1867 nominis
850 1829 1091 1880 Penelopam
1131 1831 1314 1880 corripit,
1360 1831 1423 1868 hic
1455 1831 1602 1879 „Pene-

111 1897 239 1946 lopam
271 1895 416 1935 fuisse“
452 1897 599 1935 scribit.
662 1897 743 1934 Leo
777 1897 875 1935 Mus.
910 1897 1032 1935 Rhen.
1064 1897 1135 1935 XL
1167 1913 1204 1948 p.
1239 1900 1318 1936 200
1352 1900 1604 1938 Ambrosiani

112 1965 406 2016 discriptionem
438 1969 584 2003 tuetur.
620 1985 671 1991 —
703 1963 897 2004 miseram
927 1975 1000 2004 suo
1031 1975 1083 2004 ex
1112 1963 1264 2014 animo,
1297 1968 1343 2005 cf.
1372 1967 1477 2005 Trin.
1510 1969 1602 2006 398.

111 2033 226 2084 Epid.
248 2035 340 2072 525.
387 2034 500 2084 Capt.
521 2035 620 2072 923:
658 2034 788 2082 „dolui
822 2048 869 2071 ex
901 2032 1071 2072 anim0“.
1133 2035 1208 2072 Sed
1234 2034 1327 2072 Cist.
1356 2037 1428 2073 61:
1464 2036 1604 2084 „doleo

31 2093 39 2098 .
113 2102 161 2140 ab
192 2099 360 2140 animo“.
423 2102 581 2140 Trucul.
610 2103 707 2141 588:
746 2104 901 2150 „animo
933 2106 992 2140 est
1012 2094 1179 2140 'miser“.
1209 2123 1260 2128 —-
1287 2105 1396 2141 7-9
1430 2103 1604 2142 Reiziani

111 2183 245 2209 versus
276 2185 323 2209 ex
353 2171 483 2209 Aulul.
512 2172 591 2208 407
624 2185 708 2221 sqq.
734 2172 830 2219 noti,
860 2184 897 2208 v.
923 2170 1074 2220 Proleg.
1101 2184 1138 2221 p.
1162 2173 1252 2218 191,
1285 2184 1451 2221 quorum
1483 2185 1602 2222 quum

109 2241 221 2290 prior
251 2252 343 2290 pars
383 2240 574 2278 iambicus
614 2239 780 2276 dimeter
818 2240 891 2288 sit,
934 2239 1058 2276 altera
1091 2238 1301 2289 Spengelio
1333 2240 1358 2277 l.
1391 2241 1416 2279 l.
1448 2254 1486 2290 p.
1521 2242 1600 2279 300

110 2309 370 2358 anapaesticus
414 2311 655 2346 monometer
699 2307 1032 2357 hypercalccticus
1073 2307 1249 2356 videtur,
1296 2308 1410 2346 nobis
1451 2313 1518 2346 aut
1556 2323 1603 2346 ex

110 2375 263 2414 duobus
292 2376 433 2413 iambis
465 2381 503 2413 et
534 2375 705 2413 trochaeo
738 2379 938 2422 constans,
972 2380 1014 2412 ut
1047 2371 1169 2422 7—9,
1207 2379 1275 2413 aut
1307 2389 1354 2413 ex
1385 2379 1530 2414 cretico
1564 2381 1603 2414 et

46 2480 51 2494 4
109 2444 280 2482 trochaeo
311 2447 356 2481 ut
390 2445 438 2482 13
473 2449 511 2481 et
547 2445 608 2491 16,
642 2444 688 2481 cf.
716 2443 762 2481 ad
780 2443 925 2492 Aul.p.
947 2444 1038 2490 319,
1071 2447 1139 2481 aut
1162 2443 1601 2491 brevio1·etiam;'na1n

109 2512 150 2549 in
184 2513 232 2551 15
265 2512 436 2560 iambus,
475 2514 514 2550 in
551 2513 599 2549 17
631 2512 876 2562 pyrrichius,
923 2514 961 2549 in
997 2512 1045 2549 18
1078 2512 1257 2561 dactylus
1296 2511 1476 2550 ultimum
1515 2518 1598 2550 tro-

47 2565 52 2574 .
110 2580 255 2618 chaeum
287 2580 495 2618 antecedit.
570 2579 763 2617 Accurate
802 2579 882 2617 haec
914 2579 992 2617 Leo
1024 2581 1210 2618 tractavit
1239 2580 1340 2618 Mus.
1373 2580 1497 2618 Rhen.
1529 2580 1600 2617 XL

109 2660 148 2698 p.
180 2649 256 2688 185
283 2661 367 2699 sqq.
399 2668 455 2674 —
486 2644 555 2687 De
585 2645 742 2686 nostris
773 2642 910 2694 facti-9,
943 2660 990 2685 ex
1021 2649 1165 2686 nostris
1196 2649 1326 2695 rebus,
1359 2663 1406 2686 ex
1436 2649 1483 2686 iis
1515 2661 1600 2698 quae

110 2716 221 2754 nobis
252 2715 355 2757 facta
394 2720 504 2764 sunt,
551 2729 620 2754 nec
659 2729 757 2766 opus
788 2728 874 2752 cum
906 2715 1100 2754 Gulielmo
1134 2715 1295 2764 „facile“
1331 2717 1513 2754 scribere.
1549 2735 1597 2741 —

51 2827 58 2833 ¹
111 2784 147 2822 8.
177 2781 474 2834 „Quorumque“
503 2783 702 2834 quomodo
733 2783 890 2820 defendi
921 2784 1058 2834 possit,
1090 2797 1164 2821 non
1197 2785 1322 2830 video,
1363 2797 1599 2834 quamquam
