2009 3218
377 181 456 219 316
1052 174 1173 209 Plauti
1543 175 1605 218 IV,
1630 177 1660 217 2,
1689 176 1867 211 128-139
1901 209 1933 227 .‚

947 299 1292 354 Sycophanta

378 373 484 422 Quis
515 378 562 412 tu
593 371 721 412 homo
753 371 830 413 es?

962 449 1275 492 Charmides

506 521 587 572 Qui
619 522 735 563 mille
765 535 984 563 nummum
1016 521 1096 562 tibi
1130 520 1240 570 dedi,
1273 533 1350 572 ego
1384 533 1478 560 sum
1510 506 1774 562 Charmides.
1801 532 1867 566 970

947 621 1300 675 Sycophanta

377 696 528 750 Neque
569 694 721 748 edepol
759 698 806 736 tu
845 695 882 735 is
923 707 967 735 es
1006 707 1144 746 neque
1183 692 1312 733 hodie
1343 693 1380 733 is
1411 706 1616 746 umquam
1648 694 1731 734 eris
1763 706 1868 735 auro

1327 764 1428 804 huic
1459 764 1648 817 quidem.

380 840 460 880 Abi
494 839 564 888 sis,
595 835 798 891 nugator;
832 837 986 890 nugari
1018 836 1218 889 nugatori
1249 834 1459 888 postulas.

966 936 1285 980 Charmides

383 1011 636 1054 Charmides
669 1024 746 1064 ego
779 1025 884 1052 sum.

935 1087 1315 1142 Sycophantes

791 1157 1065 1215 Nequiquam
1095 1159 1241 1201 hercle
1275 1173 1340 1211 es3
1373 1173 1473 1201 nam
1502 1158 1609 1200 nihil
1641 1157 1733 1199 auri
1764 1157 1868 1200 fero.

379 1233 516 1274 Nimis
548 1238 699 1286 argute
730 1246 793 1274 me
825 1232 1053 1284 obrepsisti
1085 1232 1129 1272 in
1162 1245 1291 1285 eapse
1325 1229 1650 1281 occasiuncula3

380 1305 614 1358 Postquam
647 1318 725 1358 ego
759 1317 825 1344 me
857 1318 1009 1345 aurum
1041 1303 1152 1344 ferre
1185 1303 1292 1353 dixi,
1334 1305 1428 1356 post
1467 1307 1516 1344 tu
1547 1299 1706 1342 factu’s
1738 1299 1871 1342 Char-

1333 1373 1482 1415 mides.
1806 1383 1872 1417 9¹75
1906 1425 1912 1430 ,

379 1447 504 1496 Prius
537 1452 585 1488 tu
616 1462 700 1488 non
735 1461 831 1488 eras
864 1460 993 1499 quam
1025 1447 1122 1486 auri
1155 1446 1235 1487 feci
1269 1446 1551 1495 mentionem;
1583 1443 1690 1485 nihil
1723 1444 1829 1497 agis.

382 1519 509 1561 Proin
543 1524 589 1559 tu
621 1524 675 1567 te,
708 1519 859 1559 itidem.
891 1523 938 1558 ut
969 1517 1265 1558 charmidatus
1295 1530 1353 1558 es.
1386 1531 1553 1557 rursum
1583 1515 1873 1557 decharmida.

967 1617 1286 1660 Charmides

383 1693 486 1741 Quis
519 1706 597 1745 ego
631 1706 721 1733 sum
754 1693 900 1744 igitur,
933 1692 967 1732 si
1000 1691 1175 1744 quidem
1208 1691 1245 1731 is
1275 1704 1359 1731 non
1394 1704 1500 1740 sum,
1534 1691 1608 1743 qui
1640 1688 1763 1730 sum?

957 1786 1308 1846 Sycophanta

1283 1863 1395 1913 Quid
1427 1863 1470 1903 id
1503 1863 1557 1904 ad
1591 1876 1655 1904 me
1687 1860 1872 1902 attinet?

383 1937 489 1977 Dum
524 1936 595 1976 ille
628 1950 679 1977 ne
715 1937 773 1977 sis
828 1950 953 1994 quem
993 1949 1072 1988 ego
1115 1949 1207 1977 esse
1239 1935 1358 1985 nolo,
1400 1937 1457 1976 sis
1496 1948 1593 1976 mea
1632 1946 1765 1975 causa
1801 1932 1873 1987 qui

1337 2006 1469 2048 lubet.

385 2078 526 2133 [Prius
561 2093 642 2120 non
677 2081 712 2120 is
746 2093 842 2120 eras
875 2080 947 2132 qui
980 2093 1096 2129 eras;
1143 2092 1258 2120 nunc
1296 2079 1332 2120 is
1371 2078 1524 2120 factu's
1565 2078 1637 2131 qui
1668 2081 1760 2118 tum
1790 2089 1873 2116 uon

1336 2149 1465 2204 eras]
1808 2157 1874 2192 980

973 2237 1288 2279 Charmides

387 2310 475 2361 Age
509 2309 541 2349 si
578 2309 677 2360 quid
713 2309 819 2357 agis.

953 2392 1299 2446 Sycophanta

791 2461 904 2511 Quid
937 2477 1015 2517 ego
1049 2464 1203 2516 agam‘?

496 2598 562 2629 970
588 2603 641 2628 est
743 2598 804 2630 971
834 2599 904 2632 tuis
932 2609 988 2631 ses
1015 2597 1050 2631 B
1157 2599 1224 2632 972
1249 2597 1311 2631 Asi
1338 2596 1382 2637 B,
1411 2608 1452 2631 ac
1478 2598 1506 2631 si
1535 2596 1563 2631 C
1653 2597 1720 2630 974
1745 2598 1873 2637 argute

1096 2661 1127 2677 ΞΡ

385 2688 556 2721 „mesisti
641 2688 707 2721 975
733 2694 840 2731 postu
924 2690 991 2722 976
1016 2699 1196 2722 nonen-ras
1223 2687 1257 2722 B
1335 2687 1475 2721 aurifici
1558 2689 1623 2720 977
1647 2683 1876 2720 recharmida

383 2746 448 2778 973
474 2744 566 2786 Quid
595 2744 627 2777 B
