2009 3218
133 202 200 247 ΙΙΙ,
223 205 255 242 4,
279 204 393 238 6--19
807 203 967 238 Rudens.
1543 209 1619 246 129

774 327 971 369 Labrax

890 399 961 441 Ius
995 414 1133 441 meum
1167 406 1362 455 ereptum
1396 406 1461 443 est
1492 401 1617 453 mihi;

129 472 248 515 Meas
280 472 384 514 mihi
416 472 596 515 ancillas
627 473 762 514 inuito
795 486 860 514 me
893 472 1039 526 eripis.

732 551 1011 593 Trachalio

1100 624 1214 678 Ergo
1247 625 1351 666 dato

129 696 190 738 De
220 700 373 738 senatu
405 694 637 750 Cyrenensi
668 696 866 750 quemuis
898 695 1152 750 opulentum
1183 696 1411 747 arbitrum,

128 767 170 810 Si
201 774 298 810 tuas
330 782 425 810 esse
457 773 630 822 oportet
660 769 760 810 niue
793 781 866 809 eas
898 781 993 810 esse
1026 774 1201 822 oportet
1230 767 1405 818 liberas,

127 839 235 882 Niue
260 841 302 881 in
327 854 543 882 carcerem
569 841 769 894 conpingi
794 845 836 882 te
862 845 929 882 est
957 854 1137 894 aequom
1167 845 1442 895 aetatemque
1468 842 1525 882 ibi
1552 854 1618 886 705

127 912 185 954 Te
216 926 353 966 usque
384 912 596 964 habitare,
628 912 765 954 donec
796 918 934 954 totum
969 925 1186 955 carcerem
1218 914 1486 954 contriueris.

764 992 976 1034 Labraoe

127 1064 221 1106 Non
252 1063 379 1106 hodie
410 1065 483 1106 isti
513 1065 577 1106 rei
607 1065 844 1119 auspicaui,
876 1069 925 1106 ut
956 1078 1052 1107 cum
1084 1064 1286 1107 furcifero
1318 1063 1501 1106 fabuler.

127 1135 186 1178 Te
217 1149 296 1190 ego
326 1135 512 1191 appello.

727 1208 1019 1252 Daemones

576 1280 681 1324 Cum
714 1282 826 1324 istoc
857 1283 1055 1336 primum,
1087 1282 1160 1336 qui
1191 1286 1233 1323 te
1264 1283 1399 1333 nouit,
1430 1282 1616 1336 disputa.

764 1361 975 1404 Labraoe

126 1416 280 1459 Tecum
315 1431 411 1472 ago.

737 1475 1017 1518 Trachalio

191 1547 320 1601 Atqui
350 1560 517 1589 mecum
549 1547 763 1600 agendum
796 1553 873 1590 est.
935 1547 1100 1590 Suntne
1132 1548 1233 1590 illae
1265 1547 1450 1589 ancillae
1482 1549 1615 1590 tuae?

767 1626 976 1670 Labraoe

129 1682 247 1726 Sunt

730 1742 1009 1784 Trachalio

238 1813 326 1866 Age
359 1813 460 1855 dum
494 1827 610 1867 ergo,
642 1819 773 1866 tange
804 1815 1015 1856 utramuis
1042 1814 1224 1868 digitulo
1249 1815 1436 1856 minumo
1465 1815 1612 1867 modo3

763 1893 800 1934 L
810 1908 834 1935 α
847 1893 868 1935 b
879 1909 900 1935 r
910 1908 934 1935 α
942 1908 972 1935 x

128 1947 254 2000 Quid,
285 1950 321 1992 si
352 1950 568 2004 attigero?

727 2023 1005 2065 Trachalio

417 2095 647 2150 Extemplo
678 2095 821 2137 hercle
854 2109 931 2149 ego
963 2100 1005 2137 te
1037 2095 1181 2138 follem
1213 2095 1520 2150 pugilatorium
1546 2108 1609 2140 711

127 2166 300 2210 Faciam
331 2172 374 2210 et
405 2167 665 2222 pendentem
696 2168 927 2210 incursabo
961 2169 1131 2222 pugnis,
1163 2168 1482 2222 periurissume.

766 2246 971 2290 Labrax

126 2317 230 2361 Mihi
260 2333 345 2362 non
376 2319 506 2362 liceat
537 2333 654 2361 meas
685 2320 867 2362 ancillas
898 2319 1078 2362 Ueneris
1111 2319 1163 2361 de
1196 2333 1272 2361 ara
1303 2318 1546 2362 abducere?

724 2399 1012 2441 Daemones
1271 2399 1274 2403 ’

127 2469 221 2513 Non
252 2471 374 2523 licet3
405 2473 468 2513 ita
498 2476 565 2513 est
596 2471 665 2513 lex
696 2471 811 2525 apud
844 2485 936 2513 nos.

237 2616 304 2650 702
327 2615 480 2650 ancillas
504 2614 593 2649 mihi
620 2614 649 2648 C
747 2614 846 2658 Ergo
873 2613 960 2648 dato
985 2615 1113 2650 desunt
1216 2616 1282 2649 703
1308 2614 1489 2649 arbitrum
1514 2615 1612 2650 deest

128 2671 194 2706 '704
216 2683 277 2707 eae
302 2675 452 2717 oportet
475 2683 555 2706 esse
680 2672 746 2705 705
771 2670 849 2705 Neu
875 2677 912 2705 te
938 2672 974 2705 in
1001 2682 1186 2706 carcerem
1214 2672 1401 2716 compingi
1520 2671 1612 2706 Post

129 2727 179 2762 ibi
202 2728 367 2764 lamnam
390 2728 532 2764 indicat
557 2728 586 2764 G
686 2729 753 2761 710
778 2728 960 2771 agendum
1067 2729 1130 2762 711
1158 2728 1440 2773 pugillatoriam
1542 2730 1609 2762 713

129 2783 308 2820 adducere
401 2787 469 2820 714
492 2785 574 2820 Non
600 2785 684 2820 licet
711 2785 763 2818 ita
789 2784 921 2819 lamma

262 2856 299 2886 V.
1272 2858 1305 2891 -9
