2009 3218
194 243 224 285 I,
251 243 283 283 8,
311 241 444 276 19—34
886 236 1006 272 Persa.
1635 238 1684 277 13

828 362 1046 405 Saturio

1133 418 1166 459 Ο
1201 419 1257 460 mi
1290 419 1487 473 Iuppiter
1623 430 1687 463 100

192 495 442 544 Terrestris,
476 499 517 535 te
549 492 730 546 coepulo
763 491 997 546 compellat
1027 496 1139 532 tuus.

831 563 1051 605 Toxilus

197 638 231 681 Ο
265 637 453 685 Saturio,
485 642 727 692 opportune
761 636 979 678 aduenisti
1010 634 1127 677 mihi.

831 707 1048 750 Saturio

193 781 468 824 Mendacium
501 780 653 835 edepol
686 780 804 831 dicis,
837 779 967 834 idque
998 779 1113 822 haud
1146 784 1188 822 te
1220 779 1362 830 decet3

194 853 306 896 Nam
337 853 514 896 Essurio
547 853 689 903 uenio,
722 867 805 894 non
840 852 1024 894 aduenio
1057 851 1243 894 Saturio.

832 924 1059 966 Toxilus

195 1000 252 1040 At
283 998 408 1049 edes;
439 1011 537 1039 nam
570 998 656 1038 iam
688 998 805 1039 intus
837 997 1000 1038 uentris
1030 995 1201 1038 fumant
1230 994 1387 1038 focula.
1626 1007 1688 1041 105

196 1069 393 1112 Calefieri
424 1069 529 1111 iussi
562 1069 778 1123 reliquias.
813 1124 818 1130 ἱ

835 1141 1052 1183 Saturio

852 1213 1035 1255 Pernam
1067 1212 1241 1266 quidem

195 1288 339 1330 Iusses
371 1287 532 1342 adponi
561 1286 760 1338 frigidam
794 1285 1016 1339 postridie.

529 1409 534 1414 Ι
834 1357 1053 1399 Toccz’zus

198 1417 265 1459 Ita
294 1417 387 1458 fieri
418 1417 535 1458 iussi.

836 1483 1053 1526 Saturio

598 1555 766 1610 Ecquid
799 1554 995 1597 halecis?

835 1627 1054 1669 Toxilus

1027 1699 1137 1751 Uah,
1169 1698 1325 1753 rogas?

835 1770 1048 1814 Saturio

199 1844 325 1899 Sapis
356 1843 539 1886 mult-nm
573 1843 627 1885 ad
659 1844 844 1897 genium.

835 1916 1054 1958 Toxilus

936 1988 1018 2030 Sed
1052 1988 1207 2042 ecquid
1239 1989 1286 2030 id
1315 1988 1557 2039 meministi,
1588 1987 1691 2029 here

205 2059 298 2110 Qua
329 2061 381 2102 de
411 2074 458 2102 re
491 2074 569 2114 ego
601 2065 742 2102 tecum
776 2061 1036 2103 mentionem
1069 2059 1286 2103 feceram?
1628 2071 1693 2104 110

842 2133 1059 2175 Saturio

200 2202 394 2245 Memini:
428 2208 477 2245 ut
508 2217 714 2246 muraena
745 2209 789 2246 et
820 2219 977 2259 conger
1007 2219 1059 2246 ne
1091 2203 1357 2256 calefierent3

202 2274 311 2317 Nam
342 2276 474 2318 nimio
505 2276 656 2318 melius
688 2281 980 2332 oppectuntur
1011 2276 1179 2331 frigida.

204 2346 288 2389 Sed
321 2347 424 2402 quid
456 2362 673 2390 cessamus
705 2349 918 2402 proelium
950 2349 1250 2392 committere?

202 2419 313 2461 Dum
345 2433 468 2462 mane
502 2425 579 2471 est,
613 2434 760 2462 omnes
793 2434 887 2462 esse
919 2420 1125 2462 mortales
1157 2420 1291 2462 decet.

842 2492 1063 2534 Toxilus

202 2548 340 2591 Nimis
371 2563 507 2604 paene
538 2562 662 2591 mane
694 2553 773 2591 est.

319 2708 379 2741 101
408 2707 632 2752 coepulonus
705 2706 991 2751 compellatiuus
1007 2707 1036 2741 C
1106 2708 1172 2741 102
1197 2711 1380 2752 oportune
1396 2706 1424 2742 G
1494 2709 1557 2742 103
1582 2710 1692 2752 atque

208 2765 270 2798 104
295 2764 414 2798 esurio
442 2763 471 2798 0
586 2765 650 2798 105
677 2763 753 2797 edis
864 2763 1010 2797 ueneris
1130 2766 1192 2798 107
1217 2764 1276 2798 Ius
1303 2768 1358 2798 est
1464 2766 1528 2799 108
1551 2764 1693 2809 halegis

206 2821 269 2854 109
293 2820 464 2864 haecquid
489 2821 687 2854 meministi
782 2831 843 2853 ere
870 2819 899 2854 G
990 2822 1050 2855 111
1078 2832 1145 2855 nec
