2009 3218
408 261 458 299 36
1078 256 1199 291 Plauti
1623 257 1694 299 ΠΙ,
1724 258 1754 301 1,
1780 259 1887 292 3—21

406 382 463 423 Ut
496 382 597 422 mihi
629 382 828 435 supersit,
862 387 1077 435 suppetat,
1110 384 1375 436 superstitet.
1824 393 1890 427 330

406 453 594 506 Sequere
626 453 717 498 hac,
750 466 847 494 mea
876 459 1021 506 gnata.
1054 468 1120 496 me
1153 467 1246 495 cum
1281 455 1346 495 dis
1378 454 1641 496 uolentibus.

405 523 513 573 Quoi
543 525 607 565 rei
639 537 771 578 opera
802 524 940 575 detur,
974 527 1069 576 seis,
1101 530 1235 577 tenes,
1267 525 1502 578 intellegis3

405 595 726 638 Communicaui
757 600 897 638 tecum
931 597 1110 639 consilia
1142 598 1295 639 omnia.

404 668 468 709 Ea
498 681 629 709 causa
660 667 715 709 ad
746 667 827 709 hoc
859 669 1096 722 exemplum
1130 674 1171 710 te
1204 670 1411 710 exornaui
1444 682 1542 722 ego:

403 739 580 781 Uenibis
611 744 658 780 tu
691 740 830 782 hodie.
865 741 1000 794 uirgo.

1072 835 1108 878 U
1116 835 1224 887 iryo

1068 907 1247 957 Amabo,
1281 907 1337 947 mi
1370 910 1506 959 pater.
1821 918 1888 952 335

405 977 674 1032 Quamquam
706 978 907 1020 lubenter
938 979 1046 1020 escis
1079 978 1234 1020 alienis
1267 978 1427 1027 studes,

402 1049 512 1091 Tuin
542 1051 707 1091 uentris
740 1064 870 1091 causa
901 1049 1032 1092 filiam
1065 1050 1228 1092 uendas
1258 1050 1407 1092 tuam‘?
1449 1080 1453 1086 .

1036 1157 1252 1199 Saturio

402 1228 557 1270 Mirum
590 1230 693 1283 quin
723 1230 835 1282 regis
868 1229 1056 1284 Philippi
1089 1243 1224 1271 causa
1254 1233 1330 1269 aut
1361 1228 1495 1269 Attali

401 1300 460 1341 Te
492 1301 634 1354 potius
666 1300 851 1342 uendam
883 1314 1012 1354 quam
1046 1315 1151 1351 mea,
1186 1314 1297 1354 quae
1330 1301 1389 1341 sis
1422 1313 1526 1341 mea.

1072 1406 1164 1449 Uir
1210 1420 1232 1447 ο

399 1477 554 1519 Utrum
587 1492 663 1531 pro
695 1479 854 1520 ancilla
886 1493 951 1520 me
982 1479 1118 1520 habes
1150 1421 1204 1520 ai
1236 1492 1313 1533 pro
1345 1478 1462 1519 filia?
1821 1490 1888 1524 340

1036 1577 1255 1620 Saturio

401 1647 555 1690 Utrum
587 1649 730 1691 hercle
762 1651 897 1703 magis
928 1651 972 1691 in
1003 1651 1167 1692 uentris
1198 1663 1286 1691 rem
1319 1649 1550 1690 uidebitur.

400 1721 554 1772 Meum,
585 1722 749 1775 opinor,
778 1723 1004 1775 imperium
1036 1723 1079 1763 in
1110 1727 1164 1773 te,
1195 1735 1278 1762 non
1311 1722 1352 1762 in
1386 1735 1451 1763 me
1482 1720 1562 1762 tibi
1595 1725 1671 1762 est.

1067 1826 1107 1870 U
1114 1828 1231 1879 irflo

400 1900 493 1942 Tua
522 1901 660 1941 istaec
691 1905 887 1954 potestas
920 1905 997 1949 est,
1029 1906 1174 1954 pater3
1206 1914 1356 1941 uerum
1388 1906 1543 1949 tamen,

401 1972 670 2026 Quamquam
703 1985 770 2013 res
803 1976 978 2013 nostrae
1009 1978 1119 2020 sunt,
1154 1977 1290 2027 pater,
1325 1970 1624 2025 pauperculae,

400 2043 569 2086 Modice
602 2048 645 2085 et
676 2043 867 2085 modeste
900 2044 1075 2086 meliust
1106 2046 1241 2086 uitam
1273 2046 1441 2094 uiuere3
1819 2053 1884 2086 345

401 2115 510 2157 Nam
542 2115 597 2156 ad
630 2120 933 2169 paupertatem
965 2118 1001 2158 si
1033 2116 1279 2170 admigrant
1310 2114 1525 2166 infamiae,

403 2186 586 2236 Grauior
618 2193 849 2241 paupertas
882 2187 940 2233 fit,
972 2188 1079 2230 fides
1113 2188 1358 2230 sublestior.

1035 2283 1258 2325 Saturio

401 2354 631 2395 Enimuero
664 2354 816 2396 odiosa
847 2369 905 2397 es.

979 2491 983 2497 .
1070 2442 1226 2495 Uz'ryo

970 2514 1063 2555 Non
1097 2529 1191 2555 sum
1224 2528 1361 2568 neque
1392 2527 1458 2555 me
1491 2527 1583 2555 esse
1615 2512 1839 2561 arbitror,'

516 2660 582 2694 330
605 2662 786 2704 puppetat
811 2660 844 2693 B
968 2662 1031 2693 331
1060 2660 1137 2694 deis
1164 2661 1194 2694 A
1324 2660 1388 2694 333
1415 2660 1567 2693 consilio
1594 2671 1675 2693 meo
1703 2658 1731 2693 C
1820 2659 1886 2693 335

402 2715 565 2751 Uenibus
590 2715 625 2749 B
710 2716 774 2750 336
800 2717 955 2750 libenter
1038 2719 1102 2751 337
1129 2718 1195 2751 Tui
1224 2719 1251 2751 A
1352 2716 1478 2751 ueudis
1506 2715 1572 2751 BC
1662 2717 1728 2749 340
1755 2715 1884 2750 Utrum

402 2776 443 2807 tu
468 2771 536 2807 BC
631 2774 697 2806 342
722 2774 953 2817 imperiumst
1048 2779 1102 2807 est>
1127 2785 1189 2808 om.
1219 2776 1245 2807 sl
1351 2775 1414 2807 :343
1443 2774 1511 2806 ista
1537 2778 1572 2806 et
1598 2772 1632 2805 R
1730 2773 1795 2806 346
1819 2772 1885 2806 im-

402 2829 534 2864 famiae
560 2828 604 2872 B,
634 2824 789 2863 insamae
816 2829 843 2863 C
935 2832 1000 2864 318
1027 2843 1081 2863 ms·
1108 2842 1172 2865 nm.
1202 2832 1228 2864 Α
