2009 3218
120 928 344 990 Trinummi
382 954 654 999 argumentum
696 951 770 988 hoc
810 954 880 988 est.
941 949 1170 988 Charmides
1201 964 1321 988 senex
1352 964 1471 1000 quum
1503 965 1604 989 mer-

118 1023 260 1057 caturae
301 1032 416 1056 causa
453 1032 616 1068 peregre
655 1020 750 1064 iret,
799 1032 859 1056 res
900 1032 990 1057 suas
1021 1018 1171 1056 Callicli
1203 1021 1328 1057 amico
1361 1019 1606 1057 commenda-

117 1091 245 1134 verat3
291 1087 358 1124 sed
389 1087 628 1125 Lesbonicus
666 1087 769 1124 filius
808 1089 931 1124 amori
962 1091 1001 1124 et
1032 1087 1197 1124 luxuriae
1229 1087 1370 1124 cedens
1401 1101 1483 1125 rem
1514 1101 1609 1138 pro-

116 1154 281 1200 fuderat,
314 1157 533 1205 ceterisque
565 1155 783 1205 absumptis
822 1156 937 1192 etiam
978 1156 1080 1192 aedes
1121 1169 1210 1193 suas
1248 1156 1417 1193 vendere
1450 1161 1608 1194 coactus

117 1226 185 1261 est.
252 1223 327 1262 Ubi
370 1237 489 1273 quum
520 1223 698 1261 Callicles
736 1224 963 1260 thesaurum
1003 1221 1084 1261 filio
1122 1225 1244 1261 inscio
1284 1225 1483 1262 defossum
1526 1238 1609 1263 esse

73 1292 75 1294 ’
115 1293 302 1338 novisset,
335 1305 382 1329 ne
413 1294 446 1328 is
478 1305 634 1341 quoque
666 1292 929 1338 amitteretur,
962 1291 1063 1329 aedes
1096 1295 1203 1330 emit.
1279 1292 1364 1338 Qua
1405 1293 1453 1330 de
1483 1306 1609 1330 causa.

115 1373 232 1410 quum
263 1361 380 1410 vulgo
406 1360 505 1397 male
531 1360 679 1406 audiat,
712 1361 823 1409 quasi
850 1359 1082 1397 difficultate
1108 1361 1221 1398 amici
1246 1361 1295 1398 ad
1318 1374 1432 1399 suum
1454 1362 1608 1399 lucrum

115 1428 257 1466 abusus
288 1434 406 1474 esset,
445 1442 467 1465 a
497 1427 754 1477 Megaronide
785 1429 910 1465 altero
942 1430 1065 1466 amico
1098 1430 1325 1478 castigatur,
1369 1430 1438 1467 sed
1467 1443 1510 1467 re
1543 1444 1608 1468 ex-

39 1514 47 1519 ·
112 1496 255 1546 plicata
285 1497 398 1533 facile
430 1510 470 1534 se
502 1497 688 1534 defendit.
763 1497 844 1534 Iam
884 1496 1097 1545 Lysiteles,
1147 1497 1372 1535 adolescens
1416 1498 1525 1535 dives
1568 1503 1609 1535 et

115 1565 323 1611 modestus,
356 1565 474 1603 filiam
501 1566 674 1602 absentis
697 1566 801 1602 senis
826 1567 864 1602 in
891 1565 1181 1603 matrimonium
1205 1567 1317 1615 petit.
1378 1566 1603 1604 Indotatam

112 1633 178 1670 ille
223 1633 381 1683 quidem
426 1635 529 1680 vult,
576 1633 645 1671 sed
683 1634 806 1670 frater
845 1634 927 1671 sine
967 1633 1058 1670 dote
1097 1647 1137 1670 se
1179 1634 1362 1671 daturum
1401 1638 1521 1682 negat
1563 1638 1603 1671 et

114 1701 302 1752 praedium
343 1703 551 1750 rusticum,
600 1703 707 1752 quod
744 1701 818 1738 sibi
858 1715 979 1739 unum
1017 1702 1196 1739 relictum
1244 1706 1347 1750 erat,
1391 1715 1464 1752 pro
1510 1703 1601 1740 dote

111 1771 310 1819 promittit
342 1771 514 1820 Lysitele
553 1784 633 1808 non
672 1771 900 1820 accipiente.
975 1769 1034 1806 Ne
1066 1769 1246 1807 Callicles
1287 1770 1444 1820 quidem
1484 1784 1602 1809 senex

112 1839 326 1876 indotatam
382 1840 530 1877 nubere
582 1840 750 1888 patitur,
805 1840 1024 1889 praesertim
1078 1852 1198 1888 quum
1251 1839 1356 1876 domi
1402 1840 1599 1877 conditum

110 1906 267 1954 habeat,
298 1907 401 1945 unde
434 1907 505 1946 dos
537 1909 733 1944 numerari
763 1908 906 1956 possit;
938 1907 1006 1944 sed
1037 1907 1084 1944 de
1111 1907 1296 1944 thesauro
1319 1907 1420 1945 nihil
1446 1909 1601 1958 aperire

111 1975 247 2025 audet,
287 1989 334 2013 ne
372 1990 458 2014 eum
496 1976 571 2013 sibi
602 1976 842 2014 Lesbonicus
879 1979 1053 2024 repetat;
1098 1975 1254 2012 tandem
1294 1975 1483 2013 suadente
1514 1976 1598 2013 Me-

109 2044 297 2093 garonide
328 2044 524 2082 hominem
558 2044 725 2093 aliquem
757 2056 985 2094 comparare
1016 2044 1172 2090 statuit,
1212 2045 1279 2093 qui
1316 2057 1403 2081 cum
1433 2045 1600 2094 pecunia

110 2124 151 2149 se
189 2125 211 2149 a
249 2116 364 2163 patre
404 2113 569 2162 virginis
611 2113 770 2149 missum
813 2125 896 2149 esse
942 2112 1109 2149 simulet.
1186 2111 1259 2158 Qui
1308 2125 1425 2161 quum
1471 2112 1599 2150 tribus

109 2182 274 2218 nummis
306 2181 518 2218 conductus
548 2200 604 2206 —
633 2180 737 2218 unde
768 2181 908 2218 fabulae
939 2193 1081 2218 nomen
1111 2199 1167 2205 —
1197 2184 1236 2217 et
1274 2181 1323 2218 ad
1363 2193 1446 2218 eam
1484 2181 1598 2218 falla-

110 2247 206 2286 ciam
237 2250 452 2287 instructus
492 2249 539 2286 ad
579 2249 680 2286 aedes
712 2249 881 2289 accedit,
925 2249 1080 2286 obviam
1112 2248 1156 2285 fit
1187 2249 1222 2285 ei
1252 2251 1336 2297 ipse
1369 2248 1598 2287 Charmides

107 2315 147 2352 in
191 2318 360 2366 patriam
404 2317 540 2355 redux.
614 2318 752 2366 Itaque
790 2316 953 2354 ridicule
999 2316 1168 2354 ludibrio
1206 2316 1363 2354 habitus
1408 2317 1596 2367 abigitur.

108 2381 234 2421 Senex
264 2390 393 2422 autem
424 2386 526 2423 aedes
557 2399 648 2423 suas
680 2385 727 2423 ab
759 2386 894 2433 amico,
928 2386 989 2421 cui
1020 2386 1151 2422 omnia
1175 2384 1410 2431 crediderat,
1443 2389 1596 2436 emptas

107 2463 189 2488 esse
233 2453 488 2491 vehementer
527 2453 651 2501 dolet,
700 2452 822 2490 donec
860 2456 948 2489 tota
985 2466 1026 2489 re
1068 2453 1272 2502 explorata
1310 2453 1476 2491 eundem
1522 2453 1597 2490 sibi

105 2517 373 2559 fidelissimum
410 2522 527 2559 fuisse
565 2523 727 2559 invenit.
798 2521 881 2557 Iam
921 2521 1018 2558 nihil
1056 2521 1190 2559 obstat
1227 2534 1305 2571 quo
1342 2523 1473 2559 minus
1513 2521 1596 2559 filia
1630 2546 1636 2551 ·

106 2586 269 2637 Lysiteli
301 2589 435 2637 detur;
469 2603 514 2627 ac
545 2589 785 2627 Lesbonicus
810 2601 977 2639 quoque,
1008 2593 1053 2626 ut
1085 2590 1282 2627 meliorem
1308 2589 1449 2627 dehinc
1472 2591 1594 2627 vitam

105 2655 280 2706 incipiat,
311 2670 473 2695 uxorem
505 2658 614 2695 ducit
645 2657 815 2694 Calliclis
847 2657 978 2694 filiam.

218 2723 276 2762 Ex
307 2724 545 2763 Philemonis
582 2725 800 2773 comoedia,
847 2727 908 2762 cui
949 2739 1088 2763 nomen
1125 2726 1202 2763 fuit
1244 2727 1452 2775 Θησαυρός,
1495 2725 1594 2764 hanc

103 2790 274 2830 fabulam
305 2793 460 2831 ductam
491 2807 592 2841 esse,
637 2793 825 2843 prologus
866 2792 982 2830 docet
1022 2807 1057 2831 v.
1094 2795 1142 2831 18
1174 2807 1232 2843 sq.
1309 2793 1386 2831 Sed
1427 2793 1593 2831 verbum

238 2868 276 2898 V.
1279 2870 1323 2904 36
