2009 3218
282 204 364 244 622
891 199 1148 236 Truculentus.

280 329 476 380 deponens
508 332 578 366 est.
625 328 766 378 Speng.
786 329 985 366 ediderat:
1022 343 1094 376 „ne
1126 343 1191 367 eas
1215 329 1465 368 incendamus
1490 327 1589 368 ira‘⁴.
1637 329 1759 378 Bugg.

280 398 380 435 Ann.
399 396 501 434 CVII
518 410 554 446 p.
575 396 674 433 404:
711 409 783 442 „ne
800 398 838 433 in
857 409 922 433 eas
938 400 1096 434 utamur
1111 396 1211 445 ira“,
1243 399 1268 435 i.
1287 411 1318 434 e.
1351 397 1505 444 nedum,
1540 398 1587 435 cf.
1608 397 1656 434 ad
1673 397 1760 435 Aul.

277 465 370 502 426.
404 464 590 502 Schoell.:
627 478 699 512 „ne
716 468 760 500 ut
777 469 865 502 astu
881 462 1151 502 utamurira“.
1176 485 1219 489 -
1253 466 1342 502 191.
1377 474 1543 503 eamme
1559 474 1698 502 amare
1715 465 1759 502 A.

277 552 331 557 —
366 533 443 569 192
479 530 612 579 „eam“
648 545 724 569 om.
755 531 802 569 A.
837 552 889 558 —
932 534 1006 570 193
1040 537 1143 569 recte
1173 533 1219 569 A.
1251 531 1431 569 Afferunt
1461 533 1680 570 Priscianus
1712 531 1761 568 VI

277 613 313 648 p.
348 599 449 637 710:
498 599 718 647 „Horresco
755 601 933 637 miseram
973 602 1208 638 mentionem
1240 601 1420 649 quotiens
1450 599 1496 637 fit
1525 598 1761 650 partionis“,

276 671 318 704 et
339 667 490 705 Nonius
520 681 560 717 p.
587 669 688 706 218:
723 668 942 714 „Horresco
974 669 1116 705 misera
1148 668 1291 704 mentio
1324 667 1427 717 quod
1459 668 1504 704 fit
1527 663 1760 717 partionis“,

276 737 343 785 qui
374 736 538 773 formam
582 734 761 786 „partio“
804 737 921 773 etiam
962 749 1009 772 ex
1041 736 1204 773 Afranio
1243 736 1390 773 laudat.
1423 755 1478 760 —
1519 737 1609 774 194.
1648 732 1763 774 nulla

275 799 360 840 sibi
389 803 436 851 A,
474 804 579 853 quod
611 817 697 841 cum
729 804 934 854 Spengelio
965 817 1100 841 verum
1131 808 1246 853 puto,
1287 804 1396 852 quasi
1436 804 1543 841 nulla
1573 804 1649 840 sibi
1680 805 1764 842 visa

275 875 346 908 est.
407 871 469 909 Sic
500 873 600 909 enim
633 872 779 908 dicitur
808 867 925 909 ‘nulla
957 881 1071 914 sum.
1111 875 1156 908 ut
1190 871 1388 919 „occidi“3
1434 871 1498 920 Sp.
1532 871 1646 908 affert
1677 871 1761 909 Cas.

279 941 370 977 596.
426 939 547 976 Mero.
581 941 674 977 214.
706 941 807 986 4603
861 939 948 976 add.
990 939 1074 976 Cas.
1121 940 1214 977 284.
1270 939 1385 976 Most.
1428 940 1520 976 380.
1598 939 1763 977 Dativus

275 1009 438 1057 ponitur
467 1012 513 1046 ut
543 1009 636 1046 924.
670 1009 718 1046 al.
783 1007 878 1055 „tibi
919 1007 1028 1044 nulla
1068 1005 1164 1044 fuit“
1206 1020 1279 1057 pro
1315 1005 1527 1054 „amisisti“
1569 1021 1645 1044 non
1676 1020 1763 1044 con-

277 1088 419 1125 coqu03
460 1089 530 1113 nec
561 1076 819 1113 Phronesium
850 1088 1034 1124 umquam
1066 1075 1269 1112 Diniarchi
1301 1075 1392 1121 fuit,
1431 1075 1497 1112 sed
1530 1076 1663 1125 potius
1694 1075 1762 1112 Di-

277 1144 460 1181 niarchus
492 1144 708 1182 Pht-onesii.
743 1164 796 1169 --
827 1140 857 1181 Ι
880 1141 991 1181 intro
1016 1144 1062 1180 A.
1090 1163 1145 1169 —
1181 1145 1270 1181 195.
1302 1140 1441 1192 Atque
1470 1147 1576 1181 recte
1607 1144 1764 1191 dicitur,

276 1226 354 1249 non
390 1210 564 1261 „atqui“,
603 1213 648 1250 ut
678 1212 804 1249 voluit
833 1211 948 1260 Seyff.
981 1211 1080 1248 Phil.
1114 1211 1242 1248 XXIV
1273 1226 1311 1261 p.
1343 1213 1448 1257 410,
1494 1226 1581 1249 nam
1619 1225 1763 1249 novum

277 1280 447 1326 additur,
479 1294 555 1317 non
586 1281 839 1326 contrarium,
872 1281 918 1317 cf.
944 1280 1051 1317 Trin.
1078 1282 1173 1317 910.
1219 1280 1360 1317 Pseud.
1393 1281 1512 1317 1026.
1558 1280 1644 1317 Cas,
1672 1280 1763 1317 343.

277 1367 327 1373 —
354 1345 612 1396 opperimur>
644 1349 689 1394 A,
722 1361 757 1385 v.
790 1348 839 1384 ad
869 1348 986 1398 Epid.
1022 1349 1116 1386 692.
1143 1367 1192 1373 --
1219 1344 1351 1386 exibit
1381 1351 1420 1384 et
1451 1343 1613 1386 lauabat
1641 1349 1686 1385 A.
1713 1367 1762 1374 —

281 1418 371 1454 196.
404 1416 446 1454 tu
463 1417 508 1454 A.
544 1436 593 1441 ——
631 1418 721 1454 197.
752 1412 820 1453 illi
849 1416 1014 1453 uterum
1030 1416 1084 1462 A;
1121 1414 1250 1461 „iliic“
1278 1416 1407 1453 hiatus
1432 1429 1547 1453 causa
1569 1415 1764 1463 Mueller.,

276 1485 322 1522 cf.
342 1485 435 1522 200.
453 1505 507 1510 —
532 1481 662 1522 sciam
684 1485 730 1522 A.
751 1503 800 1509 —
833 1485 922 1521 198.
956 1484 993 1521 te
1021 1494 1073 1521 ne
1105 1485 1147 1521 ta
1173 1486 1218 1521 A.
1246 1505 1299 1508 —
1328 1486 1416 1522 199.
1450 1483 1496 1520 ut
1525 1480 1704 1522 enicaret
1717 1485 1762 1523 A.

276 1573 328 1578 —-
362 1554 454 1592 200.
489 1550 606 1599 Tum,
639 1554 671 1590 si
701 1554 757 1590 ita
786 1566 848 1589 res
878 1566 919 1590 se
950 1552 1078 1600 habet,
1112 1553 1158 1590 cf.
1185 1552 1291 1590 Pers.
1320 1554 1411 1591 579.
1452 1551 1501 1588 ad
1526 1552 1644 1589 Most.
1671 1554 1763 1591 658.

275 1618 351 1659 isti
391 1621 450 1659 θεέ
478 1631 613 1669 puero
643 1621 697 1668 A;
747 1618 885 1668 „istic“
926 1621 1056 1658 hiatus
1096 1634 1211 1658 causa
1249 1621 1314 1671 Sp.
1349 1621 1458 1669 Sch.,
1504 1622 1550 1659 cf.
1589 1623 1677 1660 197.
1713 1641 1762 1647 —

279 1691 371 1727 201.
412 1687 564 1737 expetit
601 1693 640 1726 et
676 1685 915 1727 nuntiatam
946 1690 1009 1727 eci
1039 1691 1084 1726 A.
1119 1709 1171 1714 ——
1211 1690 1304 1726 202.
1346 1686 1474 1727 miror
1504 1691 1549 1727 A.
1583 1710 1636 1715 —
1669 1691 1762 1728 203.
1839 1683 1842 1687 '

280 1758 362 1795 tam
393 1755 590 1795 audacter
620 1758 665 1794 A.
698 1777 751 1782 —
785 1758 876 1795 204.
910 1754 1075 1807 quidem
1107 1761 1145 1794 et
1175 1767 1218 1794 es:
1249 1754 1482 1795 etiamnunc
1507 1760 1551 1795 A.
1582 1778 1638 1783 —-
1671 1759 1762 1796 205.

281 1826 317 1863 tc
346 1822 423 1862 lmc
452 1822 605 1873 recipis
628 1827 674 1862 A.
701 1845 754 1849 —-
772 1819 965 1873 prosecta
997 1835 1075 1873 quo
1106 1835 1208 1872 sum,
1240 1825 1287 1862 ad
1319 1839 1431 1874 quem
1464 1822 1615 1875 (quam)
1648 1828 1765 1863 missa

278 1907 374 1941 sum,
407 1893 454 1931 cf.
487 1893 594 1931 Trin.
630 1895 722 1931 630.
755 1913 809 1918 —
842 1895 934 1930 206.
969 1889 1078 1931 Redi
1109 1897 1145 1930 et
1176 1890 1240 1932 hic
1272 1899 1312 1931 et
1343 1890 1560 1942 opperibor
1590 1895 1636 1932 A.

393 1963 486 2000 207.
520 1961 721 2000 Canticum
738 1962 919 2012 Astaphii
945 1963 984 1998 in
1008 1961 1039 1998 B
1064 1961 1198 1998 littera
1216 1962 1244 1997 (ἶ
1268 1960 1522 2009 significatur,
1555 1975 1591 1999 v.
1610 1962 1762 2011 Proleg.

278 2043 316 2079 p.
339 2031 427 2068 172.
475 2029 634 2079 Signum
652 2031 757 2079 quod
776 2031 921 2067 nomini
937 2030 1203 2079 anteponitur,
1224 2037 1259 2074 Z,
1279 2030 1374 2079 quid
1390 2028 1582 2078 significet
1604 2031 1763 2080 ignor03

281 2097 473 2136 Dziatzko
505 2100 542 2135 in
568 2099 668 2136 Ann.
695 2098 791 2147 phil.
818 2098 998 2135 CXXVII
1030 2111 1067 2148 p.
1101 2099 1149 2134 61
1184 2111 1256 2148 pro
1286 2111 1460 2147 personae
1491 2102 1584 2135 nota
1606 2098 1764 2146 habuit3

279 2167 387 2203 cuius
420 2180 538 2215 quum
570 2167 716 2203 nullam
748 2167 937 2203 rationem
971 2166 1138 2213 videam,
1177 2166 1288 2215 signa
1318 2179 1403 2216 quae
1429 2167 1608 2215 proximo
1634 2167 1766 2204 versui

279 2236 319 2272 in
348 2234 379 2271 B
411 2237 716 2284 anteponuntur,
751 2233 828 2282 VL,
862 2234 1028 2272 eundem
1061 2235 1186 2271 virum
1219 2233 1374 2271 doctum
1403 2235 1617 2272 rectissime
1642 2235 1764 2271 inter-

279 2305 476 2353 pretatum
515 2316 597 2339 esse
635 2302 824 2349 arbitror,
872 2307 916 2340 ut
955 2303 1006 2340 sit
1037 2302 1300 2351 quadraginta
1331 2303 1522 2351 quinque,
1569 2302 1616 2339 cf.
1648 2301 1762 2351 Corp.

279 2370 400 2408 Inscr.
434 2369 520 2407 Lat.
555 2370 654 2418 VIII,
689 2371 810 2418 3998,
850 2372 916 2420 qui
949 2383 1130 2408 versuum
1162 2383 1345 2407 numerus
1377 2373 1436 2407 est
1465 2371 1504 2407 in
1535 2370 1606 2407 hac
1637 2383 1762 2408 scena.

280 2458 336 2463 -—
365 2438 436 2476 Vv.
471 2439 648 2483 207-8,
680 2440 744 2488 qui
778 2439 815 2475 in
848 2440 880 2476 A
912 2438 989 2476 duo
1020 2441 1121 2485 sunt,
1161 2439 1201 2474 in
1233 2438 1294 2475 BC
1325 2451 1436 2484 unus,
1476 2438 1630 2475 iambici
1660 2442 1764 2486 sunt,

283 2507 476 2544 209—-10
508 2507 726 2543 tetrametri
758 2507 966 2544 bacchiaci.
1034 2506 1258 2555 Sequuntur
1289 2505 1427 2550 iambi,
1468 2506 1660 2543 211—14
1700 2517 1764 2542 oc-

281 2575 447 2619 tonarii,
487 2574 674 2612 215--21
711 2575 944 2624 septenarii,
988 2575 1181 2612 222-25
1213 2575 1369 2611 senarii.
1432 2573 1652 2611 226—234
1684 2576 1763 2611 tro-

283 2642 405 2680 chaici
437 2643 659 2691 septenarii.
722 2643 912 2679 235—38
944 2643 1098 2679 iambici
1131 2642 1355 2691 septenarii.
1425 2642 1616 2679 239-45
1648 2640 1762 2678 iamb.

283 2711 439 2748 senarii.
509 2710 699 2748 246—47
741 2710 926 2747 iambicus
965 2711 1132 2747 dimeter
1170 2723 1253 2746 cum
1293 2710 1526 2758 septenario.
1596 2710 1675 2746 248
1707 2721 1763 2745 se-

284 2779 428 2817 narius.
489 2779 681 2816 249—52
714 2777 828 2815 iamb.
860 2779 1086 2826 septenarii.
