2009 3218
724 195 764 228 V.
794 197 1027 231 1223—1370.
1542 202 1621 238 501.)

137 323 419 363 coniunctivum
451 326 538 372 post
569 321 737 372 ,„quom“
765 337 902 373 parum
929 324 1151 362 Plautinum
1184 325 1328 363 habens
1359 323 1449 371 .,ut“
1470 326 1619 365 maluit.

137 406 212 444 quo
243 389 383 428 sensu?
429 390 674 440 Superiores:
716 393 810 436 „inni
844 392 961 429 habes
986 392 1214 430 uidulum?“
1256 412 1300 418 —
1330 394 1449 431 1358.
1481 389 1619 441 sactiO,

138 459 276 509 agendi
309 460 420 503 ratio,
454 458 500 495 cf.
526 457 664 495 Bacch.
685 460 779 496 838.
809 479 864 484 —
900 461 1017 497 1361.
1051 459 1106 497 Cf.
1136 460 1246 497 Cure.
1276 463 1378 498 702:
1415 461 1622 507 „Dicundi,

137 542 211 567 non
255 540 334 564 rem
380 526 575 576 perdundi
614 529 747 575 gratia
784 528 879 564 haec
918 524 1087 576 (lingua)
1129 533 1219 564 nata
1260 533 1317 565 est
1352 527 1484 566 mihi‘·.
1563 527 1624 568 rei

135 593 364 636 smmndcie
395 595 550 633 dativus
589 596 754 642 consilii,
801 610 834 633 v.
870 596 918 633 ad
950 595 1058 632 Pers..
1093 597 1187 633 427.
1227 616 1280 620 —
1323 598 1441 635 1362.
1480 595 1623 646 periu-

135 662 298 703 ris-§ime
327 663 414 700 edd.
446 683 500 688 —
543 664 660 700 1364.
692 660 918 712 pontifices
949 664 1074 700 omnis
1108 665 1202 700 iuris
1233 664 1355 702 divini
1386 667 1623 717 interpretes

136 737 175 772 et
202 733 350 770 iudices
381 735 503 768 erant.
537 751 590 756 —
633 733 750 770 1366.
789 730 978 770 iuratust
1006 731 1063 768 Fl.
1097 752 1151 756 —
1198 733 1301 769 1367
1334 746 1418 782 sqq.
1458 731 1625 783 quicum

136 796 299 840 habeam
329 797 525 846 iudicem,
567 799 614 837 cf.
646 800 764 838 Most.
799 801 890 839 546.
944 799 1028 837 Liv.
1061 799 1209 847 XLIII,
1245 802 1287 847 2,
1322 802 1364 837 6:
1418 800 1537 847 „Cum
1568 802 1621 839 M.

137 869 308 907 Titinio.
329 897 336 905 .
356 898 363 905 .
384 897 392 905 .
410 872 708 917 recuperatores
739 867 1029 919 sumpserunt-“.
1091 868 1200 914 Nam,
1243 873 1287 906 ut
1318 870 1374 906 ait
1404 869 1621 909 Francken.

136 951 174 988 p.
201 937 272 975 50:
308 935 537 983 „Sententia
569 941 643 974 est:
677 937 880 975 Substitue
910 937 984 974 tibi
1015 936 1183 974 liberum
1215 937 1384 987 aliquem
1417 938 1624 987 hominem,

137 1006 289 1057 quicum
320 1004 487 1042 iudicem
519 1005 660 1053 eligam
692 1009 731 1042 et
761 1006 975 1056 spondeam
1007 1019 1067 1042 me
1098 1006 1301 1055 pecuniam
1341 1005 1545 1053 daturum,
1584 1009 1624 1044 ni

137 1074 224 1113 dolo
269 1074 370 1111 malo
416 1086 438 1110 a
481 1085 543 1110 me
588 1075 821 1123 promissum
862 1074 1038 1123 exegeris
1077 1076 1116 1110 et
1153 1074 1193 1110 ni
1231 1087 1304 1123 ego
1342 1075 1515 1112 nondum
1553 1076 1624 1112 sim

139 1144 310 1194 quinque
341 1144 382 1178 et
411 1141 552 1191 viginti
579 1154 700 1179 annos
724 1139 888 1189 natus“;
921 1142 968 1179 cf.
995 1155 1113 1191 supra
1140 1142 1219 1179 704
1243 1155 1315 1192 sq..
1362 1143 1625 1194 Exceptiones

138 1211 237 1250 enim
283 1210 425 1260 quaerit
470 1210 594 1247 omnis
641 1212 814 1258 generis,
859 1211 1028 1261 primum
1076 1210 1345 1260 exceptionem
1392 1211 1474 1249 doli
1519 1212 1624 1260 mali,

137 1281 245 1318 cuius
275 1278 492 1329 exemplum
526 1277 641 1316 affert
671 1278 793 1316 Gaius
823 1279 888 1325 IV,
925 1280 1022 1316 116:
1071 1279 1201 1322 „velut
1238 1281 1270 1316 si
1309 1280 1522 1329 stipulatus
1553 1281 1624 1318 sim

137 1361 158 1386 a
187 1351 225 1384 te
255 1347 460 1397 pecuniam
499 1350 699 1396 tamquam
740 1347 924 1384 credendi
963 1360 1078 1384 causa
1115 1351 1408 1393 numeraturus,
1456 1361 1526 1385 nec
1555 1361 1626 1385 nu·

136 1414 405 1462 meraverins‘,
438 1414 579 1451 deinde
611 1416 878 1465 exceptionem
911 1416 1036 1452 aetatis
1067 1429 1113 1452 ex
1144 1415 1230 1463 lege
1256 1415 1451 1463 Plaetoria,
1486 1430 1562 1466 qua
1593 1418 1625 1454 si

137 1484 230 1534 quid
259 1483 486 1521 adolescens
516 1485 643 1521 minor
672 1483 782 1521 XXV
813 1497 934 1521 annos
965 1485 1220 1533 promiserat,
1260 1484 1300 1521 id
1330 1488 1518 1535 praestare
1548 1499 1626 1523 non

138 1552 366 1600 cogebatur,
412 1567 447 1590 v.
487 1551 536 1589 ad
573 1552 714 1590 Pseud.
757 1553 850 1590 304.
926 1552 1070 1589 Locum
1118 1551 1232 1589 affert
1271 1552 1495 1590 Priscianus
1536 1554 1626 1591 VIII

135 1635 173 1672 p.
199 1621 277 1658 '792
302 1622 375 1658 sic:
411 1620 485 1667 „Ni
518 1621 607 1657 dolo
638 1621 740 1658 malo
772 1621 1025 1670 instipulatus
1057 1621 1109 1657 sis
1141 1622 1225 1657 siue
1257 1623 1375 1658 etiam
1407 1622 1499 1658 dum
1530 1623 1625 1659 siem

135 1688 313 1738 Quinque
351 1693 391 1726 et
420 1690 561 1738 uiginti
594 1702 714 1725 annos
745 1687 908 1736 natus“;
955 1688 1058 1726 unde
1091 1688 1266 1727 Mueller.
1301 1703 1338 1739 p.
1373 1690 1452 1728 739
1488 1687 1621 1737 „siue“

134 1756 377 1795 retinendum
422 1753 576 1803 censet,
624 1771 744 1807 quum
784 1757 984 1794 Acidalius
1030 1753 1143 1794 Ῐιαῑιίῖ
1180 1756 1404 1794 addendum
1444 1771 1530 1795 esse
1572 1759 1624 1796 vi-

135 1824 274 1871 disset,
321 1838 365 1862 ac
409 1827 472 1863 vix
519 1826 627 1863 aliud
673 1826 840 1875 cogitari
886 1830 953 1862 aut
997 1825 1163 1874 intelligi
1209 1826 1347 1874 possit.
1422 1826 1625 1864 Acidalius

139 1894 279 1939 „etiam
311 1893 402 1930 dum
432 1891 562 1932 haud“
597 1895 774 1943 scripsit,
822 1906 893 1943 ego
935 1890 1060 1931 etiam
1097 1889 1211 1931 haud
1248 1891 1358 1931 (hcm.
1401 1914 1455 1919 —
1504 1896 1622 1933 1369.

134 1970 266 2000 annos
294 1961 417 2000 natus
447 1966 644 2012 transpos.
678 1963 786 2000 Reiz.
819 1981 874 1986 —
910 1956 1030 1999 Habe
1059 1970 1151 1999 cum
1181 1958 1274 2009 hoc,
1309 1976 1394 1999 cum
1426 1963 1623 2002 Daemone.

134 2029 274 2068 Hiatus
303 2043 380 2068 non
411 2030 585 2078 offendit,
619 2044 689 2068 nec
719 2030 971 2080 probaverim
1002 2032 1070 2066 aut
1101 2030 1207 2079 quod
1238 2030 1298 2067 Fi.
1331 2031 1473 2068 edidit:
1517 2032 1622 2079 „LA.

132 2096 253 2135 Immo
284 2098 397 2136 aliost
429 2096 552 2149 opus“
587 2104 655 2136 aut
687 2098 792 2148 quod
823 2097 1002 2147 Seyffert.
1035 2099 1178 2135 voluit:
1227 2098 1332 2144 „LA.
1367 2099 1475 2136 Hoc?
1508 2100 1626 2138 aliost

133 2163 268 2216 opus“.
292 2186 348 2191 —
381 2168 500 2205 1370.
534 2167 630 2204 Post
660 2167 927 2204 Camerarium
959 2166 1108 2203 editur:
1144 2166 1251 2213 „Iam
1282 2167 1329 2204 ab
1360 2169 1437 2205 isto
1468 2169 1623 2206 auferre

132 2233 235 2272 haud
265 2236 408 2280 sinam,
447 2237 524 2273 nisi
556 2237 671 2273 istum
704 2232 1055 2279 condemnavero“,
1103 2247 1187 2283 quae
1219 2235 1274 2271 ita
1307 2236 1478 2284 explicat
1509 2236 1624 2274 Lam-

130 2301 263 2340 binus:
300 2303 422 2350 „Volo
455 2304 502 2341 de
534 2303 605 2340 hac
636 2305 905 2340 controversia
936 2305 1068 2339 vestra
1099 2315 1354 2351 cognoscere;
1385 2305 1461 2342 nisi
1494 2308 1623 2342 autem

132 2383 154 2408 a
181 2383 242 2408 me
273 2371 478 2409 damnatus
509 2373 561 2409 sit
591 2370 757 2421 Gripus,
797 2370 974 2408 vidulum
1013 2383 1090 2407 uon
1131 2370 1326 2409 auferes“.
1397 2372 1442 2409 In
1483 2373 1624 2422 quibus

131 2451 293 2488 pravum
332 2443 392 2478 est
425 2437 555 2488 „Iam“
599 2442 639 2476 et
676 2439 775 2476 male
816 2439 1012 2476 omittitur
1054 2436 1158 2485 „te⁶‘.
1235 2439 1387 2477 Deinde
1418 2441 1624 2479 Daemones

131 2519 206 2545 non
237 2512 295 2544 est
323 2507 458 2555 iudex,
499 2508 565 2545 sed
597 2521 698 2548 reus.
733 2508 800 2557 qui
831 2521 917 2544 cum
948 2506 1125 2545 Labi-ace
1156 2507 1320 2545 iudicem
1356 2508 1496 2556 habet3
1530 2523 1621 2547 con-

131 2574 311 2613 demnare
350 2577 474 2624 igitur
517 2596 560 2601 —
603 2589 690 2613 nam
729 2576 989 2612 condemnare
1027 2587 1103 2612 non
1143 2575 1268 2613 solum
1308 2576 1426 2613 iudex
1466 2577 1621 2623 dicitur,

130 2642 197 2680 sed
226 2645 342 2681 etiam
374 2650 588 2692 accusator,
621 2645 688 2694 qui
721 2643 840 2680 efficit
870 2647 915 2681 ut
946 2643 1085 2692 aliquis
1117 2643 1410 2691 condemnetur,
1444 2659 1479 2682 v.
1505 2658 1623 2694 supra

135 2710 251 2749 1269.
305 2711 383 2750 Cic.
415 2712 528 2750 Rosc.
560 2713 645 2749 Am.
682 2713 750 2758 ll,
785 2712 850 2749 32.
908 2711 993 2749 Div.
1034 2712 1074 2747 in
1114 2710 1240 2750 Caecil.
1280 2714 1348 2759 10,
1390 2714 1454 2751 30.
1487 2715 1536 2750 al.
1570 2733 1623 2738 —
