2009 3218
385 234 436 272 78
1057 227 1179 262 Plauti
1610 226 1655 270 V,
1681 227 1714 270 2,
1739 227 1873 269 64-770

385 411 496 460 Quid
530 410 626 451 ais?
1018 352 1236 394 ΤΟΜΖΜ

975 481 1279 532 Samo-istic>

612 553 762 594 Hicine
795 559 861 595 est
893 554 1109 595 Dordalus
1140 554 1249 603 leno,
1284 553 1356 605 qui
1386 552 1457 593 hic
1489 551 1650 593 liberas
1681 552 1871 605 uirgines

1331 623 1578 666 mercatur?

384 697 535 738 Hic-ine
567 701 643 747 est,
675 697 748 750 qui
781 695 864 738 fuit
895 697 1111 751 quondam
1142 695 1296 738 fortis?

988 787 1266 830 Dordalus

840 858 959 909 Quae
991 860 1101 901 haec
1131 873 1201 901 res
1234 859 1328 900 est?
1388 858 1439 900 Ei
1471 858 1654 912 colapho
1685 873 1751 900 me
1782 859 1871 900 icit.

383 932 546 973 Malum
580 931 706 973 uobis
739 931 865 973 dabo.

1024 1011 1243 1052 Tomilus

578 1085 632 1125 At
662 1084 744 1125 tibi
776 1098 854 1125 nos
887 1084 1099 1130 dedimus,
1133 1083 1416 1137 dabimusque
1449 1084 1592 1125 etiam.

992 1163 1263 1205 Dordalus

1354 1220 1417 1269 Ei,
1450 1223 1575 1261 nates
1607 1219 1816 1273 percellit.

984 1299 1261 1351 Paeonium

382 1373 524 1425 Licet3
556 1373 640 1414 iam
674 1372 748 1414 diu
780 1386 909 1427 saepe
942 1376 1041 1414 sunt
1072 1376 1325 1427 expunctae.

983 1463 1262 1506 Dordalus

377 1537 570 1590 Loquere
602 1541 649 1578 tu
682 1537 825 1586 etiam,
856 1536 1040 1578 frustum
1071 1537 1226 1590 pueri?

942 1615 1302 1657 Lemniselena

1062 1688 1143 1738 Mi,
1177 1692 1370 1742 patrone,
1401 1688 1416 1728 τ’
1445 1687 1574 1733 intro,
1607 1685 1774 1738 amabo,
1801 1697 1867 1731 845

377 1747 440 1787 Ad
475 1760 637 1788 cenam.

987 1817 1261 1859 Dordalus

694 1890 835 1932 Meam
867 1891 1088 1944 ignauiam
1122 1894 1169 1931 tu
1201 1903 1315 1931 nunc
1345 1888 1520 1930 inrides.

944 1970 1311 2012 Lemniselena

378 2043 544 2093 Quiane
576 2048 619 2084 te
651 2056 772 2093 uoco.
806 2042 914 2084 bene
945 2048 993 2085 ut
1024 2043 1104 2084 tibi
1136 2043 1222 2084 sit‘?

986 2122 1258 2164 Dordalus

1226 2193 1336 2236 Nolo
1368 2193 1471 2235 mihi
1503 2193 1611 2235 bene
1644 2206 1751 2235 esse.

942 2274 1304 2315 Lemni-selena

1697 2329 1762 2372 Ne
1794 2330 1863 2372 sit.

1013 2411 1231 2453 Toxilus

376 2483 486 2534 Quid
506 2483 669 2538 igitur?
689 2484 873 2525 sescenti
891 2485 1053 2525 nummi
1072 2483 1175 2538 quid
1194 2483 1358 2537 agunt?
1376 2496 1484 2536 quas
1501 2482 1651 2524 turbas
1669 2481 1864 2524 danunt?

491 2645 553 2677 341
581 2642 640 2677 hic
666 2643 743 2677 aine
770 2642 942 2676 dordalus
969 2645 1024 2676 est
1162 2643 1228 2676 842
1253 2641 1441 2676 Hiccinest
1579 2639 1775 2684 colaphum
1800 2639 1866 2674 icit

381 2702 446 2735 843
472 2701 570 2734 natis
595 2700 629 2734 B
710 2698 882 2743 peruellit
973 2700 1039 2732 844
1065 2699 1145 2732 dius
1172 2710 1257 2743 sepe
1347 2699 1412 2732 845
1438 2697 1485 2731 mi
1511 2707 1576 2732 om.
1665 2696 1864 2731 Patronem

379 2759 478 2791 iutro
619 2757 686 2790 846
712 2767 791 2789 moa
820 2755 966 2799 ignauia
991 2758 1029 2789 tu
1056 2767 1152 2789 nunc
1178 2767 1236 2790 me
1262 2755 1402 2790 irrides.
1541 2755 1607 2788 847
1632 2753 1722 2798 Quia
1746 2764 1813 2788 nec
1840 2751 1869 2788 G

375 2816 442 2849 848
466 2817 578 2848 acunt
