2009 3218
100 303 147 344 ΙΙ,
173 304 203 343 5,
230 299 384 336 19-ῘΙΙ,
413 302 442 335 l,
468 300 488 333 2
781 296 900 331 Peren.
1528 297 1578 336 35

684 422 993 475 Saynrv'siw'o

1017 491 1248 543 Credetur3
1283 489 1579 533 commodabo.

92 570 278 625 sequere
318 568 397 610 hac
436 569 514 619 sis;
557 572 781 621 argentum
814 566 883 608 hic
913 567 1036 615 inest,
1078 563 1189 618 quod
1222 577 1390 605 mecum
1423 563 1582 605 dudum

1043 637 1190 679 orasti.
1519 647 1586 682 320

733 726 948 768 Tomilus

95 785 207 837 Quid
239 791 285 827 tu
319 785 412 827 ais?

691 855 996 908 Saqaristv'o

435 929 643 970 Dominus
674 942 740 970 me
772 928 897 970 bouis
929 930 1164 969 mercatum
1198 925 1413 967 Eretriam
1448 925 1586 975 misit3

98 1003 222 1044 Nunc
254 1002 357 1044 mihi
390 1001 560 1043 Eretria
590 1002 672 1043 erit
703 1001 810 1042 haec
840 1005 917 1042 tua
950 999 1116 1042 domus.

733 1095 952 1137 Toxilus

978 1167 1114 1209 Nimis
1146 1172 1192 1208 tu
1224 1166 1365 1208 facete
1397 1166 1587 1220 loquere.

102 1244 242 1297 Atque
259 1254 383 1282 omne
401 1254 478 1294 ego
496 1245 723 1295 argentum
740 1240 819 1282 tibi
837 1240 919 1282 hoc
936 1244 1134 1282 actutum
1147 1238 1360 1280 incolume
1373 1237 1566 1291 redigam
1581 1253 1589 1288 3

101 1314 211 1356 Nam
243 1315 329 1354 iam
361 1313 496 1354 omnis
527 1313 831 1367 sycophantias
861 1313 1046 1354 instruxi
1080 1316 1123 1353 et
1154 1311 1418 1366 comparavi,

103 1385 196 1436 Quo
228 1390 354 1440 pacto
386 1385 439 1427 ab
471 1385 626 1427 lenone
658 1385 852 1427 auferam
883 1385 965 1426 hoc
997 1389 1232 1437 argentum,

697 1480 1004 1533 Saqarv'stio

1137 1536 1276 1579 Tanto
1309 1537 1472 1579 melior.
1529 1547 1595 1580 325

742 1610 960 1650 Toxilus

112 1682 164 1723 Et
195 1682 347 1723 mulier
378 1687 425 1722 ut
457 1682 514 1722 sit
544 1681 695 1722 libera.
727 1686 859 1736 atque
891 1682 985 1735 ipse
1017 1681 1132 1722 ultro
1166 1681 1238 1723 det
1270 1686 1508 1735 argentum.

111 1754 194 1796 Sed
226 1767 405 1808 sequere
438 1767 524 1798 mez
557 1753 612 1794 ad
645 1767 738 1795 eam
769 1767 856 1795 rem
889 1767 990 1795 usus
1022 1758 1089 1795 est
1119 1759 1196 1795 tua
1227 1753 1331 1795 mihi
1363 1767 1508 1808 opera.

703 1833 1006 1887 Sayaristio

1258 1890 1404 1943 Utere,
1435 1895 1484 1932 ut
1515 1891 1595 1932 uis.

608 2232 851 2276 SATURIO
912 2233 1101 2276 UIRGO.

754 2350 963 2392 Saturio

115 2420 234 2472 Quae
264 2435 333 2463 res
365 2421 471 2463 bene
504 2426 650 2463 uortat
682 2422 784 2464 mihi
817 2428 859 2465 et
890 2423 969 2465 tibi
1001 2429 1044 2465 et
1074 2425 1214 2466 uentri
1248 2438 1354 2475 meo,

115 2491 468 2546 perennitatique
500 2493 607 2536 adeo
639 2493 738 2535 huic
769 2500 979 2549 perpetuo
1011 2495 1118 2545 cibo,

229 2653 294 2688 319
319 2652 480 2688 creditur
538 2654 604 2688 320
623 2664 735 2696 seque
802 2664 858 2688 me
884 2653 1020 2688 dudum
1042 2655 1182 2698 rogasti
1202 2654 1272 2691 Bc
1326 2657 1389 2691 321
1417 2657 1522 2691 uobis
1539 2656 1606 2692 BC

231 2721 288 2744 ere
315 2710 387 2744 tria
414 2710 442 2745 O
543 2710 608 2744 323
633 2721 700 2754 ego
729 2721 834 2744 omne
938 2710 1011 2746 huc
1037 2715 1201 2746 actutum
1226 2713 1270 2755 A,
1297 2713 1367 2748 hoc
1392 2717 1512 2748 tutum
1539 2713 1608 2748 BC

119 2768 184 2800 324
198 2766 483 2811 sychophantias
497 2766 541 2810 Β,
558 2766 807 2811 sicophantias
821 2767 848 2801 C
904 2769 970 2802 327
985 2768 1226 2803 uissaturacio
1241 2768 1276 2803 B
1336 2769 1544 2805 SATYRIO
1559 2771 1603 2814 A,

118 2823 265 2858 titulum
292 2834 357 2858 om.
383 2822 451 2858 BC
539 2824 605 2857 329
628 2824 946 2868 perennitateique
962 2825 1004 2866 A,
1030 2825 1348 2870 perennitatisque
1373 2825 1420 2871 B,
1445 2826 1601 2870 perhen-

120 2879 320 2924 nitatisque
343 2880 371 2915 C
462 2881 544 2915 cibo
573 2880 609 2922 C,
639 2881 730 2915 orbo
758 2879 791 2914 B
1338 2873 1341 2877 ’

1225 2955 1332 2993 .3*
