2009 3218
137 216 196 258 tv,
222 219 252 254 4,
278 217 412 250 45-57
811 213 970 248 Rudens.
1548 212 1625 249 159

739 339 1026 381 Daemones

137 411 254 455 Cane
288 412 398 455 malo
430 426 482 454 ac
511 416 606 454 tuce
638 416 705 463 tu3
737 416 785 453 tu
817 423 947 465 perge
980 413 1028 450 ut
1059 408 1266 462 occepisti
1298 407 1455 449 dicere.

739 499 1024 543 Trachalio

137 575 276 618 Unum
309 579 352 617 te
384 574 576 625 obsecro,
607 578 657 616 ut
688 575 763 616 ted
792 573 920 616 huius
953 572 1289 614 conmiserescat
1320 570 1523 621 mulieris,

138 647 182 689 Si
214 647 387 702 quidem
419 646 489 688 hic
519 647 686 689 lenonis
719 647 832 688 eiust
862 645 1052 695 nidulus,
1083 657 1209 698 quem
1242 643 1448 695 suspicor.

137 719 217 761 Hic
249 720 329 761 nisi
363 719 416 761 de
448 720 649 774 opinione
681 724 848 761 certum
880 717 988 760 nihil
1021 717 1116 758 dico
1148 714 1240 757 tibi.

784 809 987 860 Gripus

138 882 275 925 Uiden
308 883 516 925 scelestus
549 887 596 924 ut
628 882 902 937 aucupatur?

745 973 1024 1015 Trachalio

892 1044 990 1086 Sine
1024 1058 1089 1086 me
1121 1048 1171 1086 ut
1201 1043 1347 1097 occepi
1378 1043 1511 1097 loqui.
1547 1054 1634 1088 1030

141 1117 185 1160 Si
218 1118 392 1160 scelesti
424 1118 539 1160 illius
571 1123 637 1160 est
669 1118 738 1160 hic
769 1118 926 1172 quoius
958 1116 1054 1159 dico
1086 1115 1276 1166 nidulus,

141 1189 258 1232 Haec
289 1194 495 1244 poterunt
526 1189 720 1241 nouisse;
752 1189 980 1232 ostendere
1011 1188 1078 1230 his
1108 1188 1221 1230 iube.

789 1281 992 1332 Gripus

1233 1351 1344 1394 Ain?
1376 1351 1634 1393 ostendere?

745 1433 1033 1475 Daemones

146 1503 272 1546 Haud
305 1505 497 1559 iniquom
531 1505 649 1557 dicit,
684 1506 830 1560 Gripe,
862 1509 911 1547 ut
943 1505 1198 1548 ostendatur
1228 1504 1414 1546 nidulus.

793 1596 994 1644 Gripus

145 1667 279 1710 Immo
311 1667 456 1711 hercle
488 1669 694 1722 insignite
725 1670 886 1724 inique.

750 1760 1041 1802 Daemones

909 1832 990 1882 Qui
1022 1833 1155 1875 dum?

800 1913 997 1966 Gripus

1170 1984 1293 2037 Quia,
1327 1986 1364 2027 si
1395 1984 1640 2035 ostendero,

149 2053 361 2097 Continuo
394 2055 508 2099 hunc
538 2058 712 2100 nouisse
745 2057 891 2100 dicent
922 2057 1098 2100 scilicet.

752 2137 1038 2180 Trachalio

1124 2209 1343 2252 Scelerum
1375 2213 1520 2264 caput,
1555 2218 1642 2252 1085

154 2277 208 2321 Ut
239 2284 330 2322 tute
362 2295 420 2331 es,
452 2282 554 2323 item
587 2283 724 2324 omnis
756 2295 907 2324 censes
939 2295 1048 2333 esse,
1088 2282 1250 2336 periuri
1282 2286 1426 2336 caput.

804 2361 1000 2413 Gripus
1277 2399 1280 2402 .

153 2429 307 2474 Omnia
337 2433 474 2475 istaec
505 2447 583 2487 ego
614 2433 742 2475 facile
775 2434 931 2488 patior,
965 2434 1066 2476 dum
1098 2433 1166 2476 hic
1197 2434 1296 2476 hinc
1328 2448 1354 2476 a
1379 2448 1446 2477 me
1471 2433 1641 2476 sentiat.

758 2513 1035 2554 Trachalio

155 2583 287 2638 Atqui
317 2598 431 2626 nunc
461 2584 539 2627 abs
570 2589 614 2627 te
646 2591 754 2636 stat;
785 2600 935 2627 uerum
969 2586 1068 2627 hinc
1099 2585 1201 2628 cibit
1229 2586 1537 2628 testimonium.

271 2743 356 2777 1078
381 2743 458 2778 eius
483 2747 537 2778 est
614 2743 701 2778 1080
725 2743 903 2778 scelestus
929 2743 958 2777 is
985 2747 1194 2789 aucupatur
1220 2744 1248 2780 C
1317 2745 1404 2779 1082
1427 2743 1486 2778 hic
1558 2744 1645 2778 1083

157 2799 285 2844 grippe
312 2799 342 2835 G
433 2801 520 2836 1084
545 2799 655 2844 Quasi
681 2799 717 2834 Β
816 2801 899 2835 1088
922 2801 975 2836 ibi
