<?xml version="1.0" encoding="UTF-8"?>
<!DOCTYPE html PUBLIC "-//W3C//DTD XHTML 1.0 Transitional//EN"
    "http://www.w3.org/TR/xhtml1/DTD/xhtml1-transitional.dtd">
<html xmlns="http://www.w3.org/1999/xhtml" xml:lang="en" lang="en">
 <head>
  <title>
</title>
<meta http-equiv="Content-Type" content="text/html;charset=utf-8" />
  <meta name='ocr-system' content='tesseract 3.04.00' />
  <meta name='ocr-capabilities' content='ocr_page ocr_carea ocr_par ocr_line ocrx_word'/>
</head>
<body>
  <div class='ocr_page' id='page_1' title='image "./comoediaerecensu05plauuoft_0051.png"; bbox 0 0 2009 3218; ppageno 0'>
   <div class='ocr_carea' id='block_1_1' title="bbox 152 235 1639 281">
    <p class='ocr_par' dir='ltr' id='par_1_1' title="bbox 152 235 1639 281">
     <span class='ocr_line' id='line_1_1' title="bbox 152 235 1639 281; baseline 0.001 -10"><span class='ocrx_word' id='word_1_1' title='bbox 152 236 210 279; x_wconf 80' lang='lat' dir='ltr'>lv,</span> <span class='ocrx_word' id='word_1_2' title='bbox 236 239 267 278; x_wconf 80' lang='lat'>3,</span> <span class='ocrx_word' id='word_1_3' title='bbox 296 236 426 271; x_wconf 74' lang='lat'>12—20</span> <span class='ocrx_word' id='word_1_4' title='bbox 839 235 960 270; x_wconf 68' lang='lat' dir='ltr'>Persa.</span> <span class='ocrx_word' id='word_1_5' title='bbox 1587 244 1639 281; x_wconf 79' lang='lat'>45</span> 
     </span>
    </p>
   </div>
   <div class='ocr_carea' id='block_1_2' title="bbox 152 360 1636 416">
    <p class='ocr_par' dir='ltr' id='par_1_2' title="bbox 152 360 1636 416">
     <span class='ocr_line' id='line_1_2' title="bbox 152 360 1636 416; baseline 0.001 -11"><span class='ocrx_word' id='word_1_6' title='bbox 152 363 300 416; x_wconf 79' lang='lat' dir='ltr'>ltaque</span> <span class='ocrx_word' id='word_1_7' title='bbox 334 362 432 403; x_wconf 90' lang='lat' dir='ltr'>huic</span> <span class='ocrx_word' id='word_1_8' title='bbox 465 360 645 401; x_wconf 74' lang='lat' dir='ltr'>insidiae.</span> <span class='ocrx_word' id='word_1_9' title='bbox 677 366 858 414; x_wconf 75' lang='lat' dir='ltr'>paratae</span> <span class='ocrx_word' id='word_1_10' title='bbox 893 365 992 401; x_wconf 76' lang='lat' dir='ltr'>sunt</span> <span class='ocrx_word' id='word_1_11' title='bbox 1020 361 1165 414; x_wconf 80' lang='lat' dir='ltr'>probe.</span> <span class='ocrx_word' id='word_1_12' title='bbox 1216 362 1458 416; x_wconf 77' lang='lat' dir='ltr'>Adgrediar</span> <span class='ocrx_word' id='word_1_13' title='bbox 1485 365 1636 406; x_wconf 81' lang='lat' dir='ltr'>uirum.</span> 
     </span>
    </p>
   </div>
   <div class='ocr_carea' id='block_1_3' title="bbox 151 434 1025 603">
    <p class='ocr_par' dir='ltr' id='par_1_3' title="bbox 151 434 1025 603">
     <span class='ocr_line' id='line_1_3' title="bbox 151 434 415 487; baseline -0.011 -11"><span class='ocrx_word' id='word_1_14' title='bbox 151 435 262 485; x_wconf 85' lang='lat' dir='ltr'>Quid</span> <span class='ocrx_word' id='word_1_15' title='bbox 295 434 415 487; x_wconf 81' lang='lat' dir='ltr'>agis?</span> 
     </span>
     <span class='ocr_line' id='line_1_4' title="bbox 447 503 1025 603; baseline -0.003 -58"><span class='ocrx_word' id='word_1_16' title='bbox 447 561 586 603; x_wconf 68' lang='lat' dir='ltr'>Cred⁰</span> <span class='ocrx_word' id='word_1_17' title='bbox 756 503 1025 546; x_wconf 59' lang='lat' dir='ltr'>Dordalus</span> 
     </span>
    </p>
   </div>
   <div class='ocr_carea' id='block_1_4' title="bbox 146 633 1635 1058">
    <p class='ocr_par' dir='ltr' id='par_1_4' title="bbox 146 633 1635 1058">
     <span class='ocr_line' id='line_1_5' title="bbox 784 633 1002 674; baseline -0.009 -1"><span class='ocrx_word' id='word_1_18' title='bbox 784 633 1002 674; x_wconf 57' lang='lat' dir='ltr'>Toxilus·</span> 
     </span>
     <span class='ocr_line' id='line_1_6' title="bbox 648 704 1233 759; baseline 0.002 -14"><span class='ocrx_word' id='word_1_19' title='bbox 648 704 767 746; x_wconf 83' lang='lat' dir='ltr'>Unde</span> <span class='ocrx_word' id='word_1_20' title='bbox 800 706 893 759; x_wconf 85' lang='lat' dir='ltr'>agis</span> <span class='ocrx_word' id='word_1_21' title='bbox 925 710 981 754; x_wconf 84' lang='lat' dir='ltr'>te,</span> <span class='ocrx_word' id='word_1_22' title='bbox 1016 705 1233 748; x_wconf 75' lang='lat' dir='ltr'>Dordale?</span> 
     </span>
     <span class='ocr_line' id='line_1_7' title="bbox 753 783 1022 826; baseline -0.015 0"><span class='ocrx_word' id='word_1_23' title='bbox 753 783 1022 826; x_wconf 58' lang='lat' dir='ltr'>Dordalus</span> 
     </span>
     <span class='ocr_line' id='line_1_8' title="bbox 1292 858 1556 902; baseline 0.008 -2"><span class='ocrx_word' id='word_1_24' title='bbox 1292 858 1430 902; x_wconf 82' lang='lat' dir='ltr'>Credo</span> <span class='ocrx_word' id='word_1_25' title='bbox 1463 860 1556 902; x_wconf 82' lang='lat' dir='ltr'>tibi.</span> 
     </span>
     <span class='ocr_line' id='line_1_9' title="bbox 783 929 998 970; baseline 0.005 -1"><span class='ocrx_word' id='word_1_26' title='bbox 783 929 998 970; x_wconf 69' lang='lat' dir='ltr'>Tooeilus</span> 
     </span>
     <span class='ocr_line' id='line_1_10' title="bbox 146 1001 1635 1058; baseline -0.001 -10"><span class='ocrx_word' id='word_1_27' title='bbox 146 1008 195 1048; x_wconf 83' lang='lat' dir='ltr'>Di</span> <span class='ocrx_word' id='word_1_28' title='bbox 229 1006 341 1049; x_wconf 78' lang='lat' dir='ltr'>dent.</span> <span class='ocrx_word' id='word_1_29' title='bbox 374 1018 484 1058; x_wconf 79' lang='lat' dir='ltr'>quae</span> <span class='ocrx_word' id='word_1_30' title='bbox 517 1003 635 1045; x_wconf 78' lang='lat' dir='ltr'>uelis.</span> <span class='ocrx_word' id='word_1_31' title='bbox 686 1001 776 1043; x_wconf 88' lang='lat' dir='ltr'>Eho</span> <span class='ocrx_word' id='word_1_32' title='bbox 808 1016 862 1044; x_wconf 83' lang='lat' dir='ltr'>an</span> <span class='ocrx_word' id='word_1_33' title='bbox 894 1003 980 1043; x_wconf 86' lang='lat' dir='ltr'>iam</span> <span class='ocrx_word' id='word_1_34' title='bbox 1013 1015 1143 1043; x_wconf 82' lang='lat' dir='ltr'>manu</span> <span class='ocrx_word' id='word_1_35' title='bbox 1176 1003 1356 1044; x_wconf 80' lang='lat' dir='ltr'>emisisti</span> <span class='ocrx_word' id='word_1_36' title='bbox 1382 1004 1635 1046; x_wconf 77' lang='lat' dir='ltr'>mulierem‘.&gt;</span> 
     </span>
    </p>
   </div>
   <div class='ocr_carea' id='block_1_5' title="bbox 146 1081 1022 1210">
    <p class='ocr_par' dir='ltr' id='par_1_5' title="bbox 146 1081 1022 1210">
     <span class='ocr_line' id='line_1_11' title="bbox 755 1081 1022 1124; baseline -0.015 -1"><span class='ocrx_word' id='word_1_37' title='bbox 755 1081 1022 1124; x_wconf 60' lang='lat' dir='ltr'>Dordalus</span> 
     </span>
     <span class='ocr_line' id='line_1_12' title="bbox 146 1154 1004 1210; baseline -0.006 -10"><span class='ocrx_word' id='word_1_38' title='bbox 146 1157 284 1200; x_wconf 87' lang='lat' dir='ltr'>Credo</span> <span class='ocrx_word' id='word_1_39' title='bbox 316 1155 482 1210; x_wconf 82' lang='lat' dir='ltr'>edepol.</span> <span class='ocrx_word' id='word_1_40' title='bbox 516 1154 656 1199; x_wconf 83' lang='lat' dir='ltr'>credo.</span> <span class='ocrx_word' id='word_1_41' title='bbox 689 1155 880 1208; x_wconf 86' lang='lat' dir='ltr'>inquam,</span> <span class='ocrx_word' id='word_1_42' title='bbox 912 1154 1004 1196; x_wconf 80' lang='lat' dir='ltr'>tibi.</span> 
     </span>
    </p>
   </div>
   <div class='ocr_carea' id='block_1_6' title="bbox 142 1233 1631 2078">
    <p class='ocr_par' dir='ltr' id='par_1_6' title="bbox 142 1233 1631 2078">
     <span class='ocr_line' id='line_1_13' title="bbox 781 1233 996 1275; baseline 0.005 -1"><span class='ocrx_word' id='word_1_43' title='bbox 781 1233 996 1275; x_wconf 68' lang='lat' dir='ltr'>Toxilus</span> 
     </span>
     <span class='ocr_line' id='line_1_14' title="bbox 954 1305 1463 1349; baseline 0.006 -3"><span class='ocrx_word' id='word_1_44' title='bbox 954 1305 1044 1348; x_wconf 88' lang='lat' dir='ltr'>Iam</span> <span class='ocrx_word' id='word_1_45' title='bbox 1076 1306 1238 1348; x_wconf 81' lang='lat' dir='ltr'>liberta</span> <span class='ocrx_word' id='word_1_46' title='bbox 1270 1308 1463 1349; x_wconf 81' lang='lat' dir='ltr'>auctu&#39;s‘?</span> 
     </span>
     <span class='ocr_line' id='line_1_15' title="bbox 750 1385 1018 1427; baseline 0.004 -1"><span class='ocrx_word' id='word_1_47' title='bbox 750 1385 1018 1427; x_wconf 72' lang='lat' dir='ltr'>Dordalus</span> 
     </span>
     <span class='ocr_line' id='line_1_16' title="bbox 1458 1445 1631 1488; baseline 0.012 -2"><span class='ocrx_word' id='word_1_48' title='bbox 1458 1445 1631 1488; x_wconf 83' lang='lat' dir='ltr'>Enicas.</span> 
     </span>
     <span class='ocr_line' id='line_1_17' title="bbox 144 1516 808 1569; baseline -0.005 -9"><span class='ocrx_word' id='word_1_49' title='bbox 144 1519 253 1569; x_wconf 86' lang='lat' dir='ltr'>Quin</span> <span class='ocrx_word' id='word_1_50' title='bbox 285 1518 363 1560; x_wconf 83' lang='lat' dir='ltr'>tibi</span> <span class='ocrx_word' id='word_1_51' title='bbox 398 1532 462 1558; x_wconf 85' lang='lat' dir='ltr'>me</span> <span class='ocrx_word' id='word_1_52' title='bbox 495 1517 590 1558; x_wconf 87' lang='lat' dir='ltr'>dico</span> <span class='ocrx_word' id='word_1_53' title='bbox 621 1516 808 1558; x_wconf 86' lang='lat' dir='ltr'>credere.</span> 
     </span>
     <span class='ocr_line' id='line_1_18' title="bbox 778 1588 995 1630; baseline -0.009 0"><span class='ocrx_word' id='word_1_54' title='bbox 778 1588 995 1630; x_wconf 66' lang='lat' dir='ltr'>Tomlus</span> 
     </span>
     <span class='ocr_line' id='line_1_19' title="bbox 857 1659 1631 1705; baseline 0.003 -3"><span class='ocrx_word' id='word_1_55' title='bbox 857 1661 935 1702; x_wconf 89' lang='lat' dir='ltr'>Dic</span> <span class='ocrx_word' id='word_1_56' title='bbox 968 1660 1080 1702; x_wconf 86' lang='lat' dir='ltr'>bona</span> <span class='ocrx_word' id='word_1_57' title='bbox 1111 1659 1215 1703; x_wconf 82' lang='lat' dir='ltr'>fide:</span> <span class='ocrx_word' id='word_1_58' title='bbox 1248 1662 1334 1703; x_wconf 86' lang='lat' dir='ltr'>iam</span> <span class='ocrx_word' id='word_1_59' title='bbox 1366 1662 1505 1704; x_wconf 86' lang='lat' dir='ltr'>libera</span> <span class='ocrx_word' id='word_1_60' title='bbox 1536 1664 1631 1705; x_wconf 68' lang='lat' dir='ltr'>est?</span> 
     </span>
     <span class='ocr_line' id='line_1_20' title="bbox 751 1739 1017 1782; baseline -0.004 0"><span class='ocrx_word' id='word_1_61' title='bbox 751 1739 1017 1782; x_wconf 77' lang='lat' dir='ltr'>Dordalus</span> 
     </span>
     <span class='ocr_line' id='line_1_21' title="bbox 144 1801 1629 1867; baseline 0.001 -12"><span class='ocrx_word' id='word_1_62' title='bbox 144 1814 160 1854; x_wconf 92' lang='lat'>1</span> <span class='ocrx_word' id='word_1_63' title='bbox 193 1814 247 1855; x_wconf 81' lang='lat' dir='ltr'>ad</span> <span class='ocrx_word' id='word_1_64' title='bbox 282 1815 438 1863; x_wconf 80' lang='lat' dir='ltr'>forum3</span> <span class='ocrx_word' id='word_1_65' title='bbox 486 1828 507 1854; x_wconf 91' lang='lat' dir='ltr'>e</span> <span class='ocrx_word' id='word_1_66' title='bbox 541 1819 739 1867; x_wconf 82' lang='lat' dir='ltr'>praetore</span> <span class='ocrx_word' id='word_1_67' title='bbox 777 1814 972 1867; x_wconf 86' lang='lat' dir='ltr'>exquire,</span> <span class='ocrx_word' id='word_1_68' title='bbox 1019 1814 1053 1854; x_wconf 93' lang='lat' dir='ltr'>si</span> <span class='ocrx_word' id='word_1_69' title='bbox 1096 1813 1268 1866; x_wconf 87' lang='lat' dir='ltr'>quidem</span> <span class='ocrx_word' id='word_1_70' title='bbox 1308 1801 1483 1856; x_wconf 75' lang='lat' dir='ltr'>eredere</span> <span class='ocrx_word' id='word_1_71' title='bbox 1524 1815 1629 1856; x_wconf 89' lang='lat' dir='ltr'>mihi</span> 
     </span>
     <span class='ocr_line' id='line_1_22' title="bbox 1087 1886 1631 1932; baseline 0.013 -7"><span class='ocrx_word' id='word_1_72' title='bbox 1087 1899 1169 1926; x_wconf 89' lang='lat' dir='ltr'>non</span> <span class='ocrx_word' id='word_1_73' title='bbox 1203 1886 1283 1927; x_wconf 88' lang='lat' dir='ltr'>uis.</span> <span class='ocrx_word' id='word_1_74' title='bbox 1563 1899 1631 1932; x_wconf 79' lang='lat'>485</span> 
     </span>
     <span class='ocr_line' id='line_1_23' title="bbox 142 1957 1022 2010; baseline -0.002 -11"><span class='ocrx_word' id='word_1_75' title='bbox 142 1957 309 2000; x_wconf 69' lang='lat' dir='ltr'>Libora.</span> <span class='ocrx_word' id='word_1_76' title='bbox 342 1959 530 2010; x_wconf 81' lang='lat' dir='ltr'>inquam.</span> <span class='ocrx_word' id='word_1_77' title='bbox 563 1963 647 2004; x_wconf 83' lang='lat' dir='ltr'>est;</span> <span class='ocrx_word' id='word_1_78' title='bbox 680 1957 833 2010; x_wconf 87' lang='lat' dir='ltr'>ecquid</span> <span class='ocrx_word' id='word_1_79' title='bbox 866 1957 1022 1999; x_wconf 80' lang='lat' dir='ltr'>audis?</span> 
     </span>
     <span class='ocr_line' id='line_1_24' title="bbox 768 2036 988 2078; baseline 0.005 -1"><span class='ocrx_word' id='word_1_80' title='bbox 768 2036 988 2078; x_wconf 71' lang='lat' dir='ltr'>Toaeilus</span> 
     </span>
    </p>
   </div>
   <div class='ocr_carea' id='block_1_7' title="bbox 848 2109 1625 2153">
    <p class='ocr_par' dir='ltr' id='par_1_7' title="bbox 848 2109 1625 2153">
     <span class='ocr_line' id='line_1_25' title="bbox 848 2109 1625 2153; baseline 0.003 -3"><span class='ocrx_word' id='word_1_81' title='bbox 848 2109 903 2150; x_wconf 76' lang='lat' dir='ltr'>At</span> <span class='ocrx_word' id='word_1_82' title='bbox 932 2109 1011 2150; x_wconf 78' lang='lat' dir='ltr'>tibi</span> <span class='ocrx_word' id='word_1_83' title='bbox 1045 2109 1087 2150; x_wconf 87' lang='lat' dir='ltr'>di</span> <span class='ocrx_word' id='word_1_84' title='bbox 1119 2109 1227 2152; x_wconf 87' lang='lat' dir='ltr'>bene</span> <span class='ocrx_word' id='word_1_85' title='bbox 1258 2109 1425 2151; x_wconf 77' lang='lat' dir='ltr'>faciant</span> <span class='ocrx_word' id='word_1_86' title='bbox 1457 2111 1625 2153; x_wconf 80' lang='lat' dir='ltr'>omnes!</span> 
     </span>
    </p>
   </div>
   <div class='ocr_carea' id='block_1_8' title="bbox 138 2180 1626 2590">
    <p class='ocr_par' dir='ltr' id='par_1_8' title="bbox 138 2180 1626 2590">
     <span class='ocr_line' id='line_1_26' title="bbox 140 2180 1626 2237; baseline 0.001 -15"><span class='ocrx_word' id='word_1_87' title='bbox 140 2181 378 2234; x_wconf 88' lang='lat' dir='ltr'><strong>Numquam</strong></span> <span class='ocrx_word' id='word_1_88' title='bbox 419 2182 529 2222; x_wconf 88' lang='lat' dir='ltr'>enim</span> <span class='ocrx_word' id='word_1_89' title='bbox 572 2181 755 2235; x_wconf 79' lang='lat' dir='ltr'>posthac</span> <span class='ocrx_word' id='word_1_90' title='bbox 794 2180 875 2222; x_wconf 78' lang='lat' dir='ltr'>tibi</span> <span class='ocrx_word' id='word_1_91' title='bbox 912 2195 992 2223; x_wconf 88' lang='lat' dir='ltr'>nec</span> <span class='ocrx_word' id='word_1_92' title='bbox 1029 2187 1202 2224; x_wconf 78' lang='lat' dir='ltr'>tuorum</span> <span class='ocrx_word' id='word_1_93' title='bbox 1241 2183 1478 2236; x_wconf 83' lang='lat' dir='ltr'>quoiquam</span> <span class='ocrx_word' id='word_1_94' title='bbox 1510 2183 1626 2237; x_wconf 90' lang='lat' dir='ltr'>quod</span> 
     </span>
     <span class='ocr_line' id='line_1_27' title="bbox 1083 2253 1384 2296; baseline 0.003 -2"><span class='ocrx_word' id='word_1_95' title='bbox 1083 2253 1195 2295; x_wconf 90' lang='lat' dir='ltr'>nolis</span> <span class='ocrx_word' id='word_1_96' title='bbox 1226 2253 1384 2296; x_wconf 85' lang='lat' dir='ltr'>uolam.</span> 
     </span>
     <span class='ocr_line' id='line_1_28' title="bbox 744 2323 1012 2367; baseline 0.004 -2"><span class='ocrx_word' id='word_1_97' title='bbox 744 2323 1012 2367; x_wconf 81' lang='lat' dir='ltr'>Dordalus</span> 
     </span>
     <span class='ocr_line' id='line_1_29' title="bbox 138 2396 767 2448; baseline -0.002 -10"><span class='ocrx_word' id='word_1_98' title='bbox 138 2397 231 2448; x_wconf 79' lang='lat' dir='ltr'>Abi,</span> <span class='ocrx_word' id='word_1_99' title='bbox 261 2412 312 2439; x_wconf 83' lang='lat' dir='ltr'>ne</span> <span class='ocrx_word' id='word_1_100' title='bbox 344 2399 457 2447; x_wconf 82' lang='lat' dir='ltr'>iu1·a;</span> <span class='ocrx_word' id='word_1_101' title='bbox 489 2398 594 2439; x_wconf 80' lang='lat' dir='ltr'>satis</span> <span class='ocrx_word' id='word_1_102' title='bbox 625 2396 767 2438; x_wconf 86' lang='lat' dir='ltr'>credo.</span> 
     </span>
     <span class='ocr_line' id='line_1_30' title="bbox 773 2476 990 2517; baseline -0.014 0"><span class='ocrx_word' id='word_1_103' title='bbox 773 2476 811 2517; x_wconf 87' lang='lat' dir='ltr'><em>T</em></span> <span class='ocrx_word' id='word_1_104' title='bbox 816 2476 900 2517; x_wconf 71' lang='lat' dir='ltr'>oxi</span> <span class='ocrx_word' id='word_1_105' title='bbox 911 2476 924 2516; x_wconf 84' lang='lat' dir='ltr'><em>l</em></span> <span class='ocrx_word' id='word_1_106' title='bbox 931 2491 958 2517; x_wconf 77' lang='lat' dir='ltr'>u</span> <span class='ocrx_word' id='word_1_107' title='bbox 968 2490 990 2514; x_wconf 62' lang='lat' dir='ltr'>‚Q</span> 
     </span>
     <span class='ocr_line' id='line_1_31' title="bbox 138 2547 786 2590; baseline -0.003 0"><span class='ocrx_word' id='word_1_108' title='bbox 138 2547 219 2590; x_wconf 91' lang='lat' dir='ltr'>Ubi</span> <span class='ocrx_word' id='word_1_109' title='bbox 250 2562 363 2590; x_wconf 89' lang='lat' dir='ltr'>nunc</span> <span class='ocrx_word' id='word_1_110' title='bbox 395 2554 471 2590; x_wconf 81' lang='lat' dir='ltr'>tua</span> <span class='ocrx_word' id='word_1_111' title='bbox 502 2548 659 2590; x_wconf 78' lang='lat' dir='ltr'>liberta</span> <span class='ocrx_word' id='word_1_112' title='bbox 690 2548 786 2589; x_wconf 81' lang='lat' dir='ltr'>est?</span> 
     </span>
    </p>
   </div>
   <div class='ocr_carea' id='block_1_9' title="bbox 134 2707 1624 2860">
    <p class='ocr_par' dir='ltr' id='par_1_9' title="bbox 134 2707 1624 2860">
     <span class='ocr_line' id='line_1_32' title="bbox 247 2707 1620 2751; baseline 0.004 -11"><span class='ocrx_word' id='word_1_113' title='bbox 247 2708 314 2741; x_wconf 82' lang='lat'>483</span> <span class='ocrx_word' id='word_1_114' title='bbox 340 2708 423 2751; x_wconf 79' lang='lat' dir='ltr'>epol</span> <span class='ocrx_word' id='word_1_115' title='bbox 451 2707 478 2741; x_wconf 86' lang='lat' dir='ltr'><em>C</em></span> <span class='ocrx_word' id='word_1_116' title='bbox 569 2707 662 2742; x_wconf 79' lang='lat' dir='ltr'>liber</span> <span class='ocrx_word' id='word_1_117' title='bbox 689 2707 717 2741; x_wconf 81' lang='lat' dir='ltr'><em>C</em></span> <span class='ocrx_word' id='word_1_118' title='bbox 807 2711 934 2743; x_wconf 75' lang='lat' dir='ltr'>auctus</span> <span class='ocrx_word' id='word_1_119' title='bbox 960 2720 998 2743; x_wconf 81' lang='lat' dir='ltr'>es</span> <span class='ocrx_word' id='word_1_120' title='bbox 1023 2708 1090 2744; x_wconf 88' lang='lat' dir='ltr'>BC</span> <span class='ocrx_word' id='word_1_121' title='bbox 1179 2711 1246 2743; x_wconf 83' lang='grc'>485</span> <span class='ocrx_word' id='word_1_122' title='bbox 1271 2710 1286 2744; x_wconf 94' lang='grc' dir='ltr'>Ι</span> <span class='ocrx_word' id='word_1_123' title='bbox 1312 2711 1322 2744; x_wconf 93' lang='lat' dir='ltr'>i</span> <span class='ocrx_word' id='word_1_124' title='bbox 1349 2710 1394 2744; x_wconf 86' lang='lat' dir='ltr'>ad</span> <span class='ocrx_word' id='word_1_125' title='bbox 1422 2710 1488 2745; x_wconf 79' lang='lat' dir='ltr'>BC</span> <span class='ocrx_word' id='word_1_126' title='bbox 1574 2712 1620 2745; x_wconf 87' lang='lat' dir='ltr'>ad</span> 
     </span>
     <span class='ocr_line' id='line_1_33' title="bbox 136 2763 1624 2812; baseline 0.003 -15"><span class='ocrx_word' id='word_1_127' title='bbox 136 2768 345 2808; x_wconf 73' lang='lat' dir='ltr'>praetorem</span> <span class='ocrx_word' id='word_1_128' title='bbox 372 2764 437 2798; x_wconf 83' lang='lat' dir='ltr'>B(&#39;</span> <span class='ocrx_word' id='word_1_129' title='bbox 549 2764 638 2799; x_wconf 88' lang='lat' dir='ltr'>mihi</span> <span class='ocrx_word' id='word_1_130' title='bbox 664 2763 813 2799; x_wconf 81' lang='lat' dir='ltr'>credere</span> <span class='ocrx_word' id='word_1_131' title='bbox 839 2766 869 2798; x_wconf 81' lang='lat' dir='ltr'><em>A</em></span> <span class='ocrx_word' id='word_1_132' title='bbox 986 2767 1054 2800; x_wconf 82' lang='lat'>487</span> <span class='ocrx_word' id='word_1_133' title='bbox 1077 2767 1189 2811; x_wconf 88' lang='lat' dir='ltr'>quiqu</span> <span class='ocrx_word' id='word_1_134' title='bbox 1205 2795 1212 2802; x_wconf 95' lang='lat'>.</span> <span class='ocrx_word' id='word_1_135' title='bbox 1229 2796 1234 2801; x_wconf 93' lang='lat'>.</span> <span class='ocrx_word' id='word_1_136' title='bbox 1252 2767 1339 2812; x_wconf 88' lang='lat' dir='ltr'>quid</span> <span class='ocrx_word' id='word_1_137' title='bbox 1366 2767 1409 2808; x_wconf 80' lang='lat' dir='ltr'>A,</span> <span class='ocrx_word' id='word_1_138' title='bbox 1437 2769 1532 2812; x_wconf 84' lang='lat' dir='ltr'>quod</span> <span class='ocrx_word' id='word_1_139' title='bbox 1560 2767 1624 2801; x_wconf 60' lang='lat' dir='ltr'>Bt*</span> 
     </span>
     <span class='ocr_line' id='line_1_34' title="bbox 134 2820 729 2860; baseline 0.002 -6"><span class='ocrx_word' id='word_1_140' title='bbox 134 2821 201 2854; x_wconf 79' lang='lat'>489</span> <span class='ocrx_word' id='word_1_141' title='bbox 223 2820 391 2855; x_wconf 79' lang='lat' dir='ltr'>libertast</span> <span class='ocrx_word' id='word_1_142' title='bbox 417 2822 460 2860; x_wconf 82' lang='lat' dir='ltr'>A.</span> <span class='ocrx_word' id='word_1_143' title='bbox 485 2820 636 2855; x_wconf 74' lang='lat' dir='ltr'>libertas</span> <span class='ocrx_word' id='word_1_144' title='bbox 664 2820 729 2855; x_wconf 75' lang='lat' dir='ltr'>BC</span> 
     </span>
    </p>
   </div>
  </div>
 </body>
</html>
