2009 3218
343 152 422 191 382
1015 148 1135 183 Plauti
1500 149 1551 191 Π,
1577 150 1609 191 7,
1632 149 1755 193 64—8,
1784 153 1820 184 11

883 272 1288 327 Stratophanes

1048 344 1136 387 Fac
1169 345 1286 398 quod
1317 345 1443 397 iussi;
1474 359 1608 386 mane.

342 416 431 457 Iam
464 429 543 469 ego
574 420 616 457 te
647 414 718 456 hic
749 414 914 457 offatim
938 415 1172 458 conficiam.
1236 416 1383 458 Occidi
1407 416 1478 457 ted
1499 421 1721 469 optumum
1746 422 1822 458 est.

972 493 1198 548 Cyamus

342 565 496 619 Captio
529 571 614 617 est3
662 566 791 607 istam
825 565 1097 608 machaeram
1127 566 1364 619 longiorem
1395 566 1529 607 habes
1561 580 1688 620 quam
1719 566 1825 608 haec

1285 641 1364 679 est.

340 707 423 748 Sed
457 721 560 748 ueru
593 722 657 749 me
688 709 779 749 sine
812 709 913 750 dum
944 713 1101 762 petere,
1135 710 1170 750 si
1195 708 1371 763 quidem
1396 708 1736 761 belligerandam
1761 716 1824 752 est

1286 784 1439 822 tecum.

883 858 1279 912 Stratophanes

344 914 423 956 Abi
456 914 640 956 domum.

968 986 1193 1040 Cyamus

538 1058 628 1110 Ego
660 1062 813 1106 tecum,
846 1058 1043 1107 bellator,
1075 1058 1287 1099 arbitrum
1318 1072 1501 1112 aequom
1534 1059 1733 1112 ceperim.
1758 1070 1825 1104 620

342 1128 426 1170 Sed
457 1141 534 1181 ego
567 1142 686 1170 cesso
719 1129 818 1170 hinc
848 1143 914 1170 me
947 1129 1127 1179 amoliri,
1157 1134 1309 1171 uentre
1341 1129 1442 1171 dum
1474 1130 1596 1171 saluo
1628 1130 1740 1172 licet.

802 1344 1096 1386 MERETRIX
1184 1343 1355 1386 MILES
1746 1344 1822 1387 DU

903 1457 1256 1498 Phronesium

342 1529 470 1570 Datin
504 1529 671 1570 soleas?
703 1534 835 1582 atque
866 1543 932 1570 me
964 1530 1078 1570 intro
1111 1533 1305 1570 actutum
1339 1529 1501 1579 ducite3

343 1600 451 1642 Nam
483 1601 586 1642 mihi
620 1601 671 1641 de
702 1606 832 1643 uento
865 1601 1048 1642 miserae
1080 1600 1296 1642 condoluit
1330 1606 1471 1656 caput.

885 1679 1278 1734 Stratophanes

341 1752 453 1800 Quid
485 1752 587 1792 mihi
620 1751 812 1793 futurum
844 1756 920 1801 est,
953 1753 1055 1805 quo‘i
1087 1752 1196 1793 duae
1229 1751 1411 1794 ancillae
1443 1752 1601 1802 dolent,

341 1823 505 1873 Quibus
536 1829 579 1865 te
613 1824 797 1864 donaui?
859 1823 1005 1864 Iamne
1037 1823 1198 1865 abisti?
1259 1823 1350 1871 Em,
1385 1825 1446 1865 sic
1477 1823 1615 1866 datur.
1756 1833 1822 1868 625

341 1894 433 1943 Quo
467 1901 593 1947 pacto
625 1895 806 1944 excludi,
840 1909 1013 1948 quaeso,
1047 1896 1158 1948 potis
1191 1899 1258 1936 est
1288 1895 1473 1948 planius,

342 1967 478 2016 Quam
511 1967 710 2009 exclusus
743 1956 855 2008 nunc
886 1967 1007 2008 sum‘?
1066 1965 1218 2008 Pulcre
1250 1966 1460 2009 ludificor.
1522 1966 1631 2008 Sine.

339 2038 556 2088 Quantillo
588 2041 643 2079 mi
677 2053 805 2092 opere
837 2052 949 2080 nuuc
980 2038 1233 2092 persuaderi
1266 2043 1422 2092 potest,

341 2109 396 2152 Ut
428 2124 504 2164 ego
535 2110 601 2151 his
635 2109 885 2164 suffringam
916 2110 1028 2151 talos
1061 2110 1164 2151 totis
1195 2109 1402 2151 aedibus?

338 2180 449 2222 Num
481 2183 704 2235 quippiam
738 2196 843 2223 aura
875 2186 1015 2223 mutat
1048 2195 1186 2223 mores
1220 2181 1477 2223 mulierum?
1755 2191 1822 2225 630

337 2252 574 2307 Postquam
604 2253 781 2295 filiolum
815 2254 995 2307 peperit,
1028 2254 1195 2294 animos
1227 2253 1413 2294 sustulit.

338 2324 461 2365 Nunc
493 2326 616 2378 quasi
651 2325 752 2366 mihi
786 2326 919 2366 dicat:
951 2337 1030 2366 nec
1061 2330 1102 2365 te
1134 2324 1262 2366 iubeo
1294 2338 1433 2378 neque
1467 2330 1567 2366 uoto

449 2484 516 2515 517
544 2482 687 2516 Affatim
718 2482 747 2516 O
858 2481 993 2516 occidit
1020 2487 1208 2526 optumum
1325 2484 1391 2517 619
1417 2494 1542 2517 uerum
1568 2483 1646 2517 sine
1754 2482 1820 2516 620

338 2539 406 2572 abo
432 2537 477 2581 B,
504 2538 569 2572 [bo
597 2538 625 2573 Ο
739 2539 882 2572 belatoi·
909 2537 938 2573 Ο
1055 2550 1183 2573 aecum
1208 2537 1244 2573 B
1367 2540 1430 2574 621
1457 2540 1506 2573 mi
1532 2539 1617 2573 hinc
1643 2549 1724 2573 amo
1749 2538 1818 2572 sire

339 2599 502 2629 uentrem
596 2593 661 2628 DU
687 2606 752 2629 om.
779 2594 814 2628 Β
905 2596 971 2629 623
997 2596 1129 2629 misere
1223 2596 1288 2630 625
1313 2596 1476 2630 sicoatur
1563 2596 1629 2629 626
1653 2594 1816 2629 excludis

336 2661 444 2695 quam
470 2661 531 2684 eso
603 2652 725 2695 potius
751 2650 797 2693 B,
823 2651 934 2695 pitius
963 2651 991 2685 G
1064 2652 1130 2686 629
1156 2651 1256 2686 hisce
1346 2653 1413 2686 630
1438 2651 1542 2686 Nunc
1570 2651 1598 2686 C
1666 2661 1813 2685 auarum

339 2712 377 2740 ut
402 2710 438 2740 at
463 2706 522 2749 (ad
549 2705 591 2750 Ο)
683 2708 745 2741 631
774 2706 933 2741 filiorum
1028 2709 1094 2742 632
1120 2708 1205 2742 uolo
