2009 3218
126 185 150 229 Ι,
176 186 207 227 2,
233 185 366 219 54-66
419 221 421 223 ,
780 184 954 219 'Rudens.
1557 186 1610 225 93

125 313 326 354 Fortasse
358 316 403 352 tu
435 311 520 352 huc
553 317 731 352 uocatus
764 325 807 352 es
839 310 891 351 ad
926 310 1167 365 prandium,

124 384 199 426 Ille
231 385 303 438 qui
337 383 524 433 uocauit,
556 382 701 424 nullus
734 383 882 424 uenit?

726 478 1011 528 Plese'ppus

940 548 1192 590 Admodum.

728 637 1015 688 Sceparnio

126 709 344 752 Nullumst
375 710 582 763 periclum
614 715 655 751 te
688 708 787 750 hinc
817 709 878 749 ire
911 709 1162 761 inpransum
1196 708 1382 750 domum.

125 781 321 824 Cererem
354 786 397 823 te
429 782 605 824 meliust
637 796 764 836 quam
801 780 1008 821 Uenerem
1040 782 1267 831 sectarier3
1552 794 1616 826 145

125 855 269 896 Amori
302 854 408 896 haec
440 860 575 905 curat,
608 855 755 895 tritico
789 858 913 894 curat
945 850 1084 894 Ceres.

699 949 1046 1000 Plesidippus

127 1021 434 1063 Deludificauit.
466 1035 532 1062 me
564 1021 634 1062 ille
667 1021 794 1062 homo
826 1020 1012 1073 indiguis
1047 1019 1194 1061 modis.

728 1115 1025 1157 Daemones

129 1188 210 1230 Pro
242 1188 284 1230 di
315 1189 571 1239 inmortalis.
605 1189 708 1243 quid
740 1188 843 1229 illuc
873 1193 949 1238 est,
985 1186 1230 1241 Sceparnio,

126 1261 355 1303 Hominum
389 1260 626 1303 secundum
657 1261 790 1302 litus?

727 1355 1019 1408 Sceparnio

834 1428 892 1471 Ut
923 1441 1019 1470 mea
1051 1428 1197 1482 opinio
1230 1432 1308 1479 est,

127 1499 308 1554 Propter
338 1500 452 1542 uiam
485 1500 548 1541 illi
583 1505 683 1542 sunt
715 1501 860 1542 uocati
892 1499 947 1541 ad
978 1499 1220 1553 prandium.
1558 1513 1621 1546 150

730 1595 1021 1637 Daemones

130 1651 243 1702 Qui?

730 1724 1018 1776 Sceparnio

298 1796 409 1846 Quia
442 1802 541 1850 post.
573 1810 736 1845 cenam,
769 1795 910 1847 credo,
942 1797 1146 1838 lauerunt
1175 1795 1281 1837 heri.

728 1887 1029 1929 Daemones·-

136 1957 368 2002 Confracta
401 1960 526 2001 nauis
557 1960 599 2001 in
632 1960 741 2001 mari
774 1964 840 2001 est
870 1960 969 2001 illis.

733 2055 1024 2107 Sceparnio

1016 2126 1085 2168 Ita
1115 2120 1201 2178 es't3

132 2198 187 2239 At
216 2198 359 2241 hercle
391 2199 515 2240 nobis
547 2198 652 2240 uilla
682 2200 723 2239 in
757 2203 874 2240 terra
906 2203 948 2240 et
979 2198 1168 2251 tegulae.

736 2286 1023 2327 Daemones

1217 2357 1316 2409 Hui,

134 2428 390 2472 Homunouli
424 2432 576 2485 quanti
609 2431 734 2473 estis!
797 2430 932 2472 Eiecti
965 2434 1014 2472 ut
1045 2435 1209 2472 natant.

247 2590 309 2624 143
335 2589 407 2624 Illu
433 2589 486 2623 tui
589 2591 651 2623 144
679 2589 819 2623 nullust
845 2588 873 2622 C
973 2589 1037 2622 145
1065 2600 1225 2624 .ererem
1250 2589 1298 2634 B,
1324 2600 1480 2634 praerem
1511 2589 1540 2625 O

133 2645 262 2680 melius
289 2646 319 2682 G
418 2646 621 2691 speetarier
729 2646 791 2679 146
816 2646 988 2679 Amorem
1098 2647 1162 2681 148
1187 2646 1238 2681 dii
1263 2646 1298 2681 Β
1397 2647 1624 2681 immortales

199 2703 411 2748 scerparnio
431 2702 466 2737 Β
534 2704 597 2737 149
621 2703 714 2737 situs
740 2702 775 2737 Β
842 2705 905 2736 ant
928 2713 1009 2736 mea
1034 2706 1091 2737 est
1117 2704 1243 2748 opinio
1313 2705 1371 2738 151
1402 2705 1461 2748 qui
1488 2708 1574 2748 post
1600 2703 1628 2737 C

138 2760 198 2793 153
222 2760 329 2794 nonis
422 2760 509 2794 uilla
534 2759 569 2794 Β
678 2761 740 2794 154
765 2759 872 2793 electi
899 2763 941 2794 ut
965 2764 1118 2794 narrant
