2009 3218
136 236 200 272 ΙΙΙ,
229 240 259 273 5.
285 234 436 277 42-1v‚
463 240 492 274 z,
520 237 538 269 ⁴1
762 243 764 246 ’
821 235 936 270 Persa
1573 236 1624 275 43

770 360 987 402 Toxilus

571 432 868 486 Supplicatum
902 445 997 473 cras
1030 438 1111 474 cat.

745 526 1013 568 Dordalus

133 600 199 642 lta
233 600 373 642 hercle
406 613 521 642 uero.

770 672 988 713 Toxilus

606 744 713 786 Dum
747 750 849 795 stas,
882 744 1071 786 reditum
1104 744 1312 797 oportuit.

135 817 177 858 Si
210 829 337 870 quam
370 829 457 859 rem
490 829 668 858 accures
702 815 846 858 sobrie
880 821 957 857 aut
987 815 1227 869 frugaliter.

135 887 253 930 Solet
283 888 359 930 illa
391 892 505 930 recte
537 887 617 929 sub
650 902 800 930 manus
832 887 1080 930 succedere.

135 962 272 1013 Atque
306 959 456 1014 edepol
490 958 634 1010 ferme,
667 966 711 1001 ut
745 962 930 1014 quisque
963 974 1052 1001 rem
1086 967 1265 1002 accurat
1296 975 1431 1002 suam.
1559 973 1626 1005 450

133 1032 201 1074 Sic
234 1033 270 1073 ei
306 1032 547 1085 procedunt
580 1034 897 1088 postprincipia
931 1033 1132 1087 denique.

140 1104 182 1147 Si
216 1103 352 1146 malus
385 1110 462 1146 aut
493 1118 678 1157 nequam
712 1111 787 1154 est,
821 1105 933 1147 male
966 1119 1033 1147 res
1066 1109 1261 1155 uortunt,
1295 1119 1404 1158 quas
1437 1106 1550 1158 agit;

135 1176 206 1218 Sin
239 1181 382 1218 autem
416 1177 526 1230 frugi
560 1182 639 1226 est,
673 1177 879 1219 eueniunt
910 1177 1149 1231 frugaliter.

137 1248 258 1290 Hanc
289 1263 366 1302 ego
399 1262 486 1290 rem
520 1263 697 1291 exorsus
730 1263 823 1291 sum
855 1248 994 1291 facete
1027 1253 1069 1291 et
1101 1249 1275 1301 callide3

137 1320 271 1373 Igitur
304 1325 611 1375 prouenturam
645 1322 752 1363 bene
785 1321 958 1364 confido
989 1321 1105 1363 mihi.
1563 1333 1629 1366 455

137 1391 258 1435 Nunc
290 1407 366 1446 ego
400 1393 597 1435 lenonem
629 1394 692 1435 ita
722 1393 850 1435 hodie
882 1394 1135 1436 intricatum
1169 1394 1293 1444 dabo,

138 1464 195 1508 Ut
222 1466 338 1519 ipsus
371 1480 476 1508 sese.
510 1479 594 1519 qua
625 1480 669 1508 se
702 1466 917 1520 expediat,
951 1467 1130 1508 nesciat.

138 1536 388 1589 Sagaristio,
421 1537 540 1588 heus,
572 1539 639 1579 exi
672 1543 802 1592 atque
836 1538 967 1580 educe
998 1539 1208 1592 uirginem

139 1607 195 1650 Et
224 1609 332 1651 istas
363 1609 561 1661 tabellas,
593 1623 703 1664 quas
737 1611 989 1664 consignaui
1021 1610 1113 1662 tibi,

140 1678 256 1729 Quas
289 1686 332 1721 tu
365 1682 553 1723 attulisti
587 1682 687 1724 mihi
720 1682 774 1724 ab
807 1697 878 1724 ero
911 1697 1005 1725 meo
1038 1697 1173 1737 usque
1206 1697 1227 1724 e
1260 1683 1421 1726 Persia.
1564 1696 1630 1728 460

566 1920 809 1964 TOXILUS
870 1922 1205 1965 SAGARISTIO

728 2051 1040 2103 Sayaristz'o

135 2119 245 2161 Num
278 2120 382 2175 quid
415 2123 585 2164 moror?

771 2196 991 2239 Toxilus

608 2266 742 2321 Euge,
775 2281 892 2322 euge,
928 2269 1175 2312 exornatu's
1205 2270 1397 2312 basilice.

134 2335 262 2378 Tiara
295 2342 494 2379 ornatum
526 2342 573 2380 ut
602 2339 748 2393 lepida
779 2340 1042 2384 condecorat
1075 2341 1269 2384 schema!

133 2406 241 2450 Tum
273 2408 385 2450 hanc
415 2409 632 2464 hospitam
666 2416 810 2454 autem
843 2413 1069 2467 crepidula
1099 2419 1147 2456 ut
1177 2415 1382 2468 graphice
1417 2415 1561 2457 decet!

134 2479 216 2523 Sed
249 2481 362 2523 satin
396 2483 501 2524 estis
533 2483 760 2525 meditati?

245 2640 314 2674 449
338 2651 416 2675 sum
442 2652 571 2675 manus
711 2643 778 2677 450
801 2641 904 2677 firme
1048 2645 1109 2678 451
1139 2645 1309 2688 procedit
1335 2650 1417 2689 post
1442 2647 1626 2691 principio

133 2697 198 2731 453
224 2697 340 2741 frugis
367 2701 402 2731 te
428 2698 582 2732 ueniunt
607 2698 643 2732 B
730 2700 796 2734 455
820 2705 1048 2745 prouentura
1076 2701 1105 2736 G
1188 2703 1255 2736 456
1279 2702 1414 2737 hodiac
1441 2703 1474 2737 Β
1561 2705 1627 2738 458

135 2752 343 2798 Sagariscio
369 2754 404 2789 B
506 2755 595 2789 educ
624 2755 652 2790 C
750 2756 1040 2793 SAGARISCIO
1065 2757 1101 2793 Β
1202 2761 1265 2793 461
1294 2760 1460 2795 basillice
1561 2762 1627 2795 462

134 2815 303 2845 ornatum
329 2811 449 2855 lepide
475 2811 702 2847 condecorat
727 2817 827 2847 tuum
