2009 3218
352 234 401 272 10
1030 227 1149 262 Plauti
1550 227 1578 269 Ι,
1607 229 1635 269 1,
1661 227 1782 269 46—2,
1809 228 1831 260 4

938 353 1240 405 Sayarz‘stio

886 424 929 466 Si
960 424 1004 465 id
1035 424 1150 465 domi
1181 429 1295 465 esset
1325 423 1439 474 mihi,
1472 423 1560 463 iam
1593 423 1830 476 pollicerer.

349 498 440 539 Hoc
471 511 611 538 meum
644 502 709 538 est
740 501 786 537 ut
816 495 970 537 faciam
1003 495 1163 537 sedulo.

983 566 1198 608 Toxilus

1035 637 1254 691 Quidquid
1287 638 1381 688 erit,
1414 638 1557 691 recipe
1590 642 1631 678 te
1664 637 1719 678 ad
1752 651 1828 678 me.

348 696 514 746 Quaere
546 701 701 736 tamen.

938 766 1240 819 Sayaristio

616 838 709 892 A90
741 852 819 891 ego
851 838 895 879 id
927 838 1089 887 sedulo,
1122 838 1155 878 si
1188 837 1291 891 quid
1324 838 1417 878 erit.

981 909 1198 950 Toxilus·

1297 981 1386 1021 Iam
1419 985 1466 1021 ut
1497 981 1622 1031 scias,
1655 981 1830 1022 obsecro

347 1053 614 1104 Resecroque
643 1056 697 1104 te,
729 1066 903 1106 operam
937 1052 991 1093 da
1021 1052 1131 1093 hanc
1165 1052 1267 1092 mihi
1298 1051 1481 1093 fidelem.

939 1123 1242 1176 Sayarz'stz'o

1334 1179 1411 1229 Ah,
1444 1180 1542 1221 odio
1574 1195 1641 1222 me
1673 1183 1828 1223 enicas.

982 1251 1200 1292 Toxilus

348 1325 516 1366 Amoris
546 1325 666 1374 uitio,
698 1338 783 1364 non
816 1338 921 1366 meo.
955 1337 1068 1364 nunc
1098 1323 1178 1365 tibi
1208 1324 1454 1377 morologus
1485 1323 1551 1365 fio.
1789 1335 1832 1369 50

941 1394 1239 1447 Sagaristio

346 1470 403 1508 At
434 1467 506 1521 pol
538 1480 614 1520 ego
645 1467 728 1509 abs
758 1471 801 1508 te
834 1481 1102 1508 concessero.

984 1537 1199 1579 Toaeilus

1120 1609 1267 1650 Iamne
1301 1609 1422 1650 abis?
1455 1609 1562 1650 bene
1594 1610 1830 1651 ambulato.

349 1683 432 1724 Sed
449 1683 591 1736 recipe
610 1696 737 1735 quam
763 1684 945 1735 primum
964 1687 1106 1735 potes3
1139 1695 1245 1722 caue
1263 1680 1359 1722 fuas
1376 1681 1479 1722 mihi
1498 1683 1540 1722 in
1558 1685 1832 1736 quaest-ione3

350 1754 494 1807 Usque
519 1768 592 1795 ero
619 1754 745 1800 domi,
779 1754 878 1794 dum
905 1767 1114 1794 excoxero
1146 1753 1290 1793 lenoni
1323 1753 1478 1793 malam
1510 1766 1595 1793 rem
1627 1765 1830 1806 maynam.

951 2093 1219 2137 SATURIO

346 2196 547 2238 Ueterem
579 2199 710 2249 atque
743 2196 964 2249 antiquom
997 2200 1225 2249 quaestum
1259 2196 1467 2237 maiorum
1496 2208 1632 2236 meum

347 2268 480 2310 Seruo
512 2271 643 2321 atque
675 2267 848 2321 optineo
882 2271 924 2308 et
954 2281 1109 2321 magna
1141 2281 1236 2309 cum
1269 2282 1373 2309 cura
1404 2268 1508 2309 colo.
1791 2279 1834 2312 55

346 2339 456 2381 Nam
487 2352 721 2392 numquam
755 2339 981 2393 quisquam
1016 2353 1205 2380 meorum
1240 2340 1449 2381 maiorum
1482 2338 1573 2390 fuit,

347 2411 458 2461 Quin
491 2410 769 2464 parasitando
801 2411 1002 2464 pauerint
1032 2416 1203 2452 uentres
1237 2425 1351 2452 suos.

458 2569 501 2603 46
527 2568 782 2612 ampollicerer
897 2569 939 2600 47
966 2571 1111 2602 meunst
1137 2568 1170 2602 B
1286 2569 1439 2612 recipite
1466 2570 1509 2603 ad
1538 2568 1565 2603 G
1677 2569 1765 2604 Post
1789 2571 1832 2603 47

348 2637 375 2660 υ.
402 2627 447 2659 45
471 2626 601 2668 repetit
624 2624 660 2658 B
735 2626 779 2657 48
805 2628 927 2658 tamen
954 2635 1021 2665 ego
1049 2625 1134 2658 item
1164 2626 1292 2660 sedulo
1373 2625 1527 2659 obsecro
1553 2636 1617 2660 om.
1696 2627 1739 2660 49
1765 2625 1832 2660 Ob-

347 2692 451 2716 secro
478 2679 950 2724 tessssz1·esecro:†ssoperam
1029 2682 1215 2715 moenie-as
1241 2682 1276 2715 B
1352 2683 1395 2716 50
1418 2682 1629 2716 morolocus
1711 2684 1753 2716 52
1778 2695 1833 2717 re-

348 2739 459 2782 cipite
486 2749 594 2780 quam
666 2739 708 2770 52
735 2737 867 2770 malum
898 2738 925 2770 (J
1003 2749 1079 2771 rem
1106 2750 1272 2781 magnam
1300 2749 1366 2773 om.
1435 2740 1479 2771 54
1504 2737 1588 2771 mali
1615 2737 1659 2780 B,
1687 2739 1782 2772 malo
1809 2740 1838 2773 C

348 2796 391 2829 55
416 2805 497 2828 cum
524 2804 654 2838 magna
684 2792 712 2827 C
761 2837 764 2839 ‚
801 2794 843 2826 5ss
869 2804 1031 2826 nmmum
1060 2793 1094 2827 B
1188 2795 1229 2827 57
1255 2794 1386 2828 uertris
1412 2793 1446 2828 B
