2009 3218
179 149 240 188 lv,
268 151 297 200 1,
328 148 444 190 19-2,
475 148 510 181 11
803 143 1047 178 Trinummus.
1583 148 1663 186 305

177 274 322 328 Apage
352 286 376 313 a
410 282 474 313 me
505 271 583 321 sis3
615 269 771 312 dehinc
805 270 887 310 iam
921 275 1129 311 certumst
1161 270 1251 310 otio
1286 269 1390 312 dare
1425 285 1509 320 me;
1557 271 1663 311 satis

1126 347 1297 394 partum
1332 341 1484 388 habeo,

176 416 342 468 Quibus
373 415 590 457 aerumnis
623 413 854 461 deluctaui,
887 411 973 453 tilio
1006 411 1108 453 dum
1141 411 1318 454 diuitias
1352 427 1526 467 quaero.
1597 424 1665 456 840

177 487 261 531 Sed
283 488 381 542 quis
406 486 475 528 hic
499 491 564 527 est
589 486 664 539 qui
698 486 739 526 in
768 484 955 538 plateam
981 483 1221 535 ingreditur
1248 497 1342 525 cum
1370 499 1481 527 nouo
1508 490 1663 526 ornatu

1125 556 1354 609 specieque
1388 556 1544 597 simul?

176 630 253 673 Pol
283 643 547 683 quamquam
579 628 692 670 domi
724 628 864 681 cupio,
905 626 1127 680 opperiar3
1160 640 1287 679 quam
1322 627 1390 668 hic
1421 641 1508 669 rem
1543 633 1666 679 gerat

1125 699 1313 740 animum
1348 699 1592 741 aduortam.

604 905 974 949 SYCOPHANTA
1037 905 1235 948 SENEX.

746 1019 1088 1073 Sycophanta

179 1094 287 1136 Huic
326 1108 402 1147 ego
443 1093 510 1135 die
552 1107 706 1134 nomen
746 1092 994 1133 Trinummo
1034 1089 1170 1143 faci03
1216 1105 1314 1133 nam
1364 1106 1441 1145 ego
1489 1106 1667 1146 operam

1128 1177 1265 1205 meam

176 1238 331 1280 Tribus
363 1238 548 1279 nummis
579 1236 706 1277 hodie
738 1235 878 1277 locaui
911 1234 966 1276 ad
1000 1240 1116 1276 artes
1147 1237 1413 1289 nugatorias.

175 1310 368 1352 Adueuio
401 1324 451 1351 ex
484 1308 695 1354 Seleucia,
727 1306 997 1357 Macedonia,
1031 1308 1134 1348 Asia
1165 1312 1300 1361 atque
1333 1308 1506 1350 Arabia.
1603 1319 1669 1353 845

179 1381 295 1431 Quas
321 1395 397 1433 ego
425 1395 564 1434 neque
583 1379 719 1421 oculis
745 1392 882 1432 neque
903 1378 1083 1432 pedibus
1099 1393 1302 1431 umquam
1321 1380 1530 1434 usurpaui
1547 1381 1667 1422 meis.

178 1452 316 1496 Uiden
348 1457 517 1505 egestas
549 1451 653 1505 quid
686 1452 829 1504 negoti
863 1450 938 1492 dat
969 1451 1132 1493 homini
1163 1452 1320 1493 misero
1354 1452 1483 1494 mali?

178 1523 287 1574 Quin
319 1538 397 1578 ego
429 1537 541 1565 nunc
567 1523 742 1575 subigor
766 1523 898 1563 trium
932 1536 1154 1564 nummum
1181 1536 1312 1565 causa
1345 1528 1391 1565 ut
1421 1524 1552 1566 hasce
1585 1526 1666 1579 epi-

1132 1595 1271 1637 stulas

183 1667 327 1708 Dicam
357 1666 412 1708 ab
444 1681 493 1708 eo
525 1666 697 1707 homine
729 1679 795 1707 me
827 1667 1062 1719 accepisse,
1095 1679 1223 1719 quem
1254 1680 1333 1720 ego
1360 1669 1432 1721 qui
1458 1670 1515 1710 sit
1542 1668 1670 1711 homo

1130 1739 1275 1780 nescio

181 1809 330 1863 Neque
361 1811 465 1852 noui
496 1823 635 1864 neque
667 1814 792 1851 natus
825 1822 956 1851 necne
989 1809 1024 1850 is
1057 1809 1188 1852 fuerit
1218 1810 1262 1851 id
1296 1810 1434 1852 solide
1466 1811 1567 1852 scio.
1603 1822 1673 1856 850

768 1902 1089 1945 Charmides

183 1975 258 2017 Pol
287 1975 355 2018 hic
387 1976 561 2030 quidem
591 1977 768 2028 fungino
800 1989 956 2029 genere
988 1981 1074 2027 est3
1107 1977 1250 2030 capite
1282 1990 1327 2018 se
1359 1981 1499 2018 totum
1531 1977 1652 2029 tegit.

182 2047 376 2090 Hilurica
407 2047 540 2090 facies
573 2048 748 2089 uidetur
779 2048 984 2098 hominis;
1016 2061 1066 2089 eo
1100 2053 1257 2090 ornatu
1289 2048 1480 2090 aduenit.

754 2141 1100 2196 Sycophanta

185 2211 263 2255 Ille
293 2214 367 2266 qui
399 2228 463 2254 me
496 2213 713 2264 conduxit,
745 2214 818 2255 ubi
850 2213 1069 2263 conduxit,
1103 2213 1285 2255 abduxit
1316 2214 1511 2261 domum;

297 2372 363 2406 839
388 2382 409 2405 a
433 2381 497 2406 ωη.
523 2370 593 2406 Bc
669 2371 798 2405 messis
826 2370 854 2405 C
929 2370 1062 2405 deinde
1088 2369 1175 2405 hinc
1199 2370 1266 2405 BC
1343 2372 1416 2406 iam
1442 2382 1508 2407 om.
1534 2372 1599 2407 BC

187 2437 244 2461 me
269 2426 356 2461 dare
379 2426 446 2462 BG
533 2429 597 2462 841
625 2428 810 2472 planteam
838 2428 872 2462 Β
954 2431 1103 2462 ornatus
1129 2427 1307 2471 peciaque
1333 2427 1369 2462 Β
1457 2430 1524 2464 842
1550 2429 1617 2464 Sol
1642 2429 1677 2464 Β

276 2483 421 2518 domum
447 2483 517 2520 BC
584 2485 728 2528 operiar
753 2483 822 2518 BC
887 2494 964 2517 rem
991 2489 1080 2527 agat.
1103 2484 1198 2528 gerit
1224 2485 1387 2532 animum
1413 2485 1607 2521 adum-tam
1633 2488 1677 2529 A,

189 2549 264 2574 rem
289 2539 493 2575 charmides
517 2540 588 2576 Bc
660 2539 946 2575 CHARMIDES
973 2541 1006 2574 A
1085 2541 1150 2575 843
1176 2539 1248 2574 diei
1320 2540 1454 2577 faciam
1478 2542 1546 2578 Bc
1611 2543 1678 2577 844

190 2595 276 2630 artis
299 2595 334 2630 Β
414 2598 666 2641 nauigatorias
693 2598 725 2631 A
813 2598 881 2631 846
907 2608 974 2632 nec
1000 2596 1156 2641 pedibus
1180 2596 1251 2632 BG
1331 2600 1588 2643 usurpauimus
1614 2599 1682 2634 BC

188 2652 257 2687 848
279 2650 345 2696 Qui
370 2652 437 2688 BG
514 2665 746 2688 nummorum
842 2654 906 2687 has
932 2652 1001 2688 BG
1088 2654 1156 2688 850
1180 2654 1210 2687 is
1236 2663 1302 2689 om.
1329 2655 1363 2689 A
1462 2656 1524 2689 851
1556 2655 1616 2690 Sol
1644 2655 1679 2690 Β

279 2719 404 2753 gerere
431 2707 464 2743 Β
557 2711 658 2755 capit
683 2716 723 2745 ee
749 2709 795 2750 B,
824 2711 944 2754 capite
971 2709 1000 2745 G
1088 2711 1156 2745 852
1180 2710 1362 2745 Hillurica
1387 2710 1455 2746 BC

291 2789 329 2816 V.
1333 2784 1377 2817 20
