2009 3218
362 169 442 207 310
1037 163 1156 197 Plauti
1565 160 1626 203 IV,
1652 161 1682 202 2,
1708 160 1843 194 62—72

946 286 978 329 C
988 287 1082 329 har
1092 287 1156 328 mi
1168 287 1194 328 d
1207 300 1228 328 e
1240 301 1259 329 s

363 346 505 388 Lubet
535 345 694 388 audire.

932 414 1276 469 Sycophanta

787 486 855 528 Illi
886 485 1503 539 edepol—illi—illi—uae
1538 487 1695 528 misero
1724 486 1841 528 mihi.

917 564 1233 607 Charmides

362 623 475 675 Quid
506 627 573 666 est
602 622 776 676 negoti?

926 691 1277 747 Sycophanta

837 765 1054 806 Deuoraui
1084 777 1238 806 nomen
1269 764 1505 818 inprudens
1538 764 1675 806 modo.

947 842 1264 885 Charmides

363 918 457 959 Non
488 916 631 970 placet
662 917 736 971 qui
767 916 931 958 amicos
962 915 1079 956 intra
1111 914 1252 956 dentis
1283 914 1513 956 concluso&
1544 915 1689 956 habet.

932 994 1280 1048 Sycophanta

363 1068 503 1122 Atque
529 1068 660 1109 etiam
684 1067 812 1109 modo
839 1065 1101 1108 uorsabatur
1125 1065 1227 1106 mihi
1248 1065 1295 1126 in
1319 1064 1453 1107 labris
1479 1065 1758 1119 primoribus.
1784 1077 1851 1111 910

949 1144 1267 1186 Charmides

365 1218 563 1272 Temperi
593 1217 694 1259 huic
724 1217 854 1259 hodie
887 1217 1100 1258 anteueni.

934 1295 1283 1349 Sycophanta

1137 1366 1332 1427 LTeneor
1363 1366 1604 1408 manufesto
1639 1368 1777 1409 miser.

950 1456 1262 1499 Charmides

366 1531 456 1573 Iam
488 1534 866 1573 recommentatu's
899 1529 1083 1572 nomen?

939 1615 1286 1670 Sycophanta

850 1688 988 1730 Deum
1019 1687 1164 1729 hercle
1196 1701 1262 1729 me
1295 1691 1428 1741 atque
1458 1687 1676 1729 hominum
1708 1688 1852 1741 pudet.
1919 1726 1925 1729 ,

953 1782 1269 1825 Charmides

370 1855 494 1906 Uide,
526 1855 666 1906 homo,
698 1860 746 1896 ut
777 1855 994 1897 hominem
1025 1855 1210 1896 noueris.

935 1948 1287 2003 Sycophanta
1837 2005 1839 2008 Α

991 2019 1096 2061 Tam
1128 2034 1255 2074 quam
1289 2033 1368 2061 me.
1429 2019 1544 2061 Fieri
1576 2020 1689 2060 istuc
1721 2018 1851 2068 solet3

371 2094 494 2144 Quod
526 2094 570 2135 in
602 2106 725 2135 manu
761 2097 909 2134 teneas
941 2096 1073 2146 atque
1106 2091 1240 2134 oculis
1273 2091 1436 2142 uideas,
1468 2091 1512 2132 id
1545 2090 1776 2132 desideres.

372 2166 548 2207 Litteris
579 2164 940 2207 recomminiscar.
1006 2162 1042 2206 Ο
1069 2169 1135 2206 est
1167 2164 1423 2217 principium
1455 2162 1628 2204 nomini.
1789 2172 1856 2206 915

954 2257 1263 2300 Charmides

371 2315 559 2358 Callias?
1210 2352 1213 2354 ,

940 2386 1287 2441 Sycophanta

601 2458 696 2501 Non
729 2464 806 2501 est.

481 2618 546 2651 907
570 2617 631 2651 ille
656 2615 789 2660 edepol
871 2616 938 2650 908
967 2623 994 2650 ω
1019 2615 1194 2649 deuoraui
1220 2613 1255 2648 B
1331 2614 1397 2648 909
1421 2613 1597 2647 concluso
1675 2613 1741 2646 912
1766 2610 1855 2645 Rem

370 2679 639 2708 commentatus
664 2683 703 2707 es
729 2671 758 2707 C
830 2673 895 2705 913
921 2671 1014 2706 Uide
1038 2671 1150 2705 modo
1177 2675 1217 2705 ut
1242 2669 1277 2704 B
1363 2678 1388 2704 ω
1413 2667 1490 2705 fieri
1517 2668 1551 2702 B
1632 2669 1698 2703 915
1724 2667 1754 2701 X
1779 2667 1856 2701 Lit-
1913 2718 1915 2721 Ι

369 2730 457 2764 teris
482 2728 518 2764 B
612 2728 637 2762 C
663 2739 727 2781 om.
822 2728 887 2762 916
914 2727 1081 2762 Callicias
