2009 3218
203 239 227 276 1.
258 242 285 280 1,
310 239 442 273 36—46
880 233 1001 270 Persa.
1662 240 1685 275 9

835 359 1059 401 Toxilus

203 435 355 478 Facere
386 435 569 477 amicum
602 433 677 475 tibi
711 447 776 474 me
808 432 920 486 potis
952 446 996 473 es
1029 433 1349 486 sempiternum.

791 525 1096 579 Sayaristio

1289 598 1686 649 Quemadmodum?

833 685 1058 727 Toxilus

199 760 255 803 Ut
273 760 373 802 mihi
391 759 466 800 des
484 772 679 800 nummos
699 762 934 805 sescentos,
961 772 1070 811 quos
1096 771 1172 811 pro
1191 758 1331 810 capite
1349 758 1465 799 illius
1485 757 1683 812 pendam,

200 831 315 882 Quos
347 832 548 873 continuo
580 830 659 872 tibi
691 843 896 884 reponam
929 830 971 870 in
1004 829 1084 870 hoc
1115 829 1260 871 triduo
1292 833 1367 871 aut
1399 830 1646 883 quatriduo.

199 905 286 958 Age
317 904 344 947 ti
375 903 594 957 benignus,
628 901 821 944 subueni.

787 1004 1091 1057 Sayaristio

198 1078 292 1128 Qua
323 1078 583 1120 confidentia
614 1091 766 1132 rogare
801 1091 864 1118 me
897 1080 1121 1129 argentum
1153 1080 1322 1118 tantum
1354 1076 1499 1127 audes,
1643 1089 1686 1121 40

198 1150 454 1204 Impudeus‘?
495 1149 618 1199 Quin,
646 1150 680 1191 si
699 1153 867 1202 egomet
883 1153 1000 1190 totus
1018 1162 1211 1200 ueneam,
1231 1150 1304 1190 uix
1322 1150 1455 1203 recipi
1473 1149 1588 1203 potis
1607 1152 1684 1201 est,

198 1221 319 1272 Quod
352 1227 396 1264 tu
433 1236 496 1263 me
520 1235 668 1275 rogas3
701 1235 796 1262 nam
824 1227 871 1262 tu
896 1234 1052 1274 aquam
1081 1235 1107 1262 a
1133 1221 1301 1275 pumice
1330 1234 1443 1262 nune
1469 1220 1682 1275 postulas,

198 1293 277 1345 Qui
309 1296 428 1349 ipsus
460 1295 590 1336 sitiat.

831 1373 1053 1415 Toxilus

570 1445 710 1488 Sicine
742 1446 823 1487 hoc
853 1450 895 1487 te
927 1444 1031 1486 mihi
1063 1445 1234 1488 facere?

783 1546 847 1589 Sa
857 1548 1005 1600 φανῶς
1018 1549 1058 1588 t2·
1067 1560 1089 1588 ο

1207 1617 1320 1669 Quid
1350 1619 1532 1663 faciam?

829 1706 1050 1748 Toxilus

1505 1765 1650 1819 Rogas
1663 1768 1682 1806 ⁴?

198 1834 402 1877 Alicunde
435 1848 563 1877 exora
594 1840 803 1877 mutuum.

787 1937 1092 1991 Sayaristio

873 2009 937 2061 Tu
968 2009 1035 2052 fac
1065 2009 1192 2061 idem,
1225 2011 1340 2065 quod
1370 2025 1499 2065 rogas
1530 2025 1610 2054 me.

828 2097 1046 2139 Toxilus

195 2166 421 2219 Quaesiui3
453 2182 663 2222 nusquam
696 2170 878 2223 repperi.

783 2255 1087 2310 Sayarz’stz'o

756 2326 967 2377 Quaeram
1001 2329 1214 2383 equidem,
1248 2331 1284 2372 si
1315 2332 1411 2384 quis
1443 2330 1603 2373 credat.
1636 2341 1680 2375 45

825 2415 1044 2457 Toxilus

192 2482 354 2538 Nempe
386 2484 525 2528 habeo
556 2487 599 2528 in
631 2486 801 2528 mundo.

303 2643 347 2676 36
441 2655 545 2678 ,cum
690 2645 733 2678 37
758 2645 847 2679 mihi
874 2646 964 2680 dens
988 2645 1036 2690 B,
1064 2647 1127 2682 des
1153 2647 1242 2682 mihi
1269 2647 1298 2683 C
1442 2650 1485 2683 39
1510 2649 1588 2692 Age
1616 2649 1678 2683 sed

192 2698 373 2743 benignus
403 2699 432 2735 C'
596 2703 640 2736 40
665 2700 879 2737 confitentia
1037 2707 1100 2738 tua
1124 2716 1180 2738 me
1207 2708 1399 2749 argentum
1426 2705 1469 2748 B,
1497 2706 1550 2739 tui
1576 2718 1596 2739 a
1622 2717 1678 2739 me

191 2760 385 2799 argentum
414 2756 442 2792 Ο
509 2760 549 2792 41
577 2760 724 2793 ueniam
794 2759 838 2792 42
862 2770 1006 2794 manam
1032 2759 1069 2795 B
1137 2762 1270 2805 pimice
1295 2761 1331 2796 B
1397 2763 1440 2796 43
1465 2763 1591 2796 sitiare
1617 2762 1681 2796 BC

189 2813 233 2846 «15
259 2823 410 2858 reppere
434 2813 470 2848 B
563 2815 606 2849 46
631 2816 722 2849 abeo
