<?xml version="1.0" encoding="UTF-8"?>
<!DOCTYPE html PUBLIC "-//W3C//DTD XHTML 1.0 Transitional//EN"
    "http://www.w3.org/TR/xhtml1/DTD/xhtml1-transitional.dtd">
<html xmlns="http://www.w3.org/1999/xhtml" xml:lang="en" lang="en">
 <head>
  <title>
</title>
<meta http-equiv="Content-Type" content="text/html;charset=utf-8" />
  <meta name='ocr-system' content='tesseract 3.04.00' />
  <meta name='ocr-capabilities' content='ocr_page ocr_carea ocr_par ocr_line ocrx_word'/>
</head>
<body>
  <div class='ocr_page' id='page_1' title='image "./comoediaerecensu05plauuoft_0406.png"; bbox 0 0 2009 3218; ppageno 0'>
   <div class='ocr_carea' id='block_1_1' title="bbox 325 217 1810 261">
    <p class='ocr_par' dir='ltr' id='par_1_1' title="bbox 325 217 1810 261">
     <span class='ocr_line' id='line_1_1' title="bbox 325 217 1810 261; baseline -0.007 -1"><span class='ocrx_word' id='word_1_1' title='bbox 325 222 407 261; x_wconf 87' lang='lat'>400</span> <span class='ocrx_word' id='word_1_2' title='bbox 1000 217 1121 253; x_wconf 75' lang='lat' dir='ltr'>Plauti</span> <span class='ocrx_word' id='word_1_3' title='bbox 1553 217 1616 261; x_wconf 84' lang='lat' dir='ltr'>IV,</span> <span class='ocrx_word' id='word_1_4' title='bbox 1641 219 1672 257; x_wconf 85' lang='lat'>4,</span> <span class='ocrx_word' id='word_1_5' title='bbox 1697 217 1810 251; x_wconf 80' lang='lat'>3—19</span> 
     </span>
    </p>
   </div>
   <div class='ocr_carea' id='block_1_2' title="bbox 320 343 1812 1599">
    <p class='ocr_par' dir='ltr' id='par_1_2' title="bbox 320 343 1809 395">
     <span class='ocr_line' id='line_1_2' title="bbox 320 343 1809 395; baseline 0 -10"><span class='ocrx_word' id='word_1_6' title='bbox 320 343 432 385; x_wconf 89' lang='lat' dir='ltr'>Nam</span> <span class='ocrx_word' id='word_1_7' title='bbox 459 344 561 385; x_wconf 89' lang='lat' dir='ltr'>mihi</span> <span class='ocrx_word' id='word_1_8' title='bbox 585 343 820 385; x_wconf 87' lang='lat' dir='ltr'>diuidiaest</span> <span class='ocrx_word' id='word_1_9' title='bbox 842 344 1099 385; x_wconf 78' lang='lat' dir='ltr'>tonstricem</span> <span class='ocrx_word' id='word_1_10' title='bbox 1124 357 1263 385; x_wconf 89' lang='lat' dir='ltr'>meam</span> <span class='ocrx_word' id='word_1_11' title='bbox 1286 356 1389 395; x_wconf 78' lang='lat' dir='ltr'>quae</span> <span class='ocrx_word' id='word_1_12' title='bbox 1414 343 1673 384; x_wconf 84' lang='lat' dir='ltr'>simulabam</span> <span class='ocrx_word' id='word_1_13' title='bbox 1699 343 1809 385; x_wconf 87' lang='lat' dir='ltr'>male</span> 
     </span>
    </p>

    <p class='ocr_par' dir='ltr' id='par_1_3' title="bbox 323 414 1604 536">
     <span class='ocr_line' id='line_1_3' title="bbox 323 414 1604 468; baseline -0.002 -11"><span class='ocrx_word' id='word_1_14' title='bbox 323 416 457 457; x_wconf 78' lang='lat' dir='ltr'>Edixe</span> <span class='ocrx_word' id='word_1_15' title='bbox 489 421 533 457; x_wconf 88' lang='lat' dir='ltr'>et</span> <span class='ocrx_word' id='word_1_16' title='bbox 564 429 704 456; x_wconf 89' lang='lat' dir='ltr'>meum</span> <span class='ocrx_word' id='word_1_17' title='bbox 735 415 957 456; x_wconf 84' lang='lat' dir='ltr'>Diniarchi</span> <span class='ocrx_word' id='word_1_18' title='bbox 990 429 1169 468; x_wconf 90' lang='lat' dir='ltr'>puerum</span> <span class='ocrx_word' id='word_1_19' title='bbox 1201 416 1426 455; x_wconf 85' lang='lat' dir='ltr'>inuentum</span> <span class='ocrx_word' id='word_1_20' title='bbox 1458 414 1604 455; x_wconf 91' lang='lat' dir='ltr'>filium.</span> 
     </span>
     <span class='ocr_line' id='line_1_4' title="bbox 893 493 1220 536; baseline 0 -1"><span class='ocrx_word' id='word_1_21' title='bbox 893 493 1220 536; x_wconf 86' lang='lat' dir='ltr'>Diniarchus</span> 
     </span>
    </p>

    <p class='ocr_par' dir='ltr' id='par_1_4' title="bbox 323 553 1694 686">
     <span class='ocr_line' id='line_1_5' title="bbox 323 553 1694 620; baseline -0.002 -12"><span class='ocrx_word' id='word_1_22' title='bbox 323 567 461 608; x_wconf 90' lang='lat' dir='ltr'>Lubet</span> <span class='ocrx_word' id='word_1_23' title='bbox 492 567 623 615; x_wconf 85' lang='lat' dir='ltr'>adire,</span> <span class='ocrx_word' id='word_1_24' title='bbox 656 580 786 619; x_wconf 88' lang='lat' dir='ltr'>quam</span> <span class='ocrx_word' id='word_1_25' title='bbox 818 579 949 620; x_wconf 83' lang='lat' dir='ltr'>penes</span> <span class='ocrx_word' id='word_1_26' title='bbox 982 571 1050 606; x_wconf 84' lang='lat' dir='ltr'>est</span> <span class='ocrx_word' id='word_1_27' title='bbox 1083 579 1176 606; x_wconf 83' lang='lat' dir='ltr'>mea</span> <span class='ocrx_word' id='word_1_28' title='bbox 1207 566 1346 605; x_wconf 84' lang='lat' dir='ltr'>omnis</span> <span class='ocrx_word' id='word_1_29' title='bbox 1379 580 1448 606; x_wconf 85' lang='lat' dir='ltr'>res</span> <span class='ocrx_word' id='word_1_30' title='bbox 1482 571 1526 606; x_wconf 89' lang='lat' dir='ltr'>et</span> <span class='ocrx_word' id='word_1_31' title='bbox 1555 553 1694 606; x_wconf 85' lang='lat' dir='ltr'>liberi.</span> 
     </span>
     <span class='ocr_line' id='line_1_6' title="bbox 885 644 1245 686; baseline -0.003 -1"><span class='ocrx_word' id='word_1_32' title='bbox 885 644 1245 686; x_wconf 88' lang='lat' dir='ltr'>Phronesium</span> 
     </span>
    </p>

    <p class='ocr_par' dir='ltr' id='par_1_5' title="bbox 323 716 1792 836">
     <span class='ocr_line' id='line_1_7' title="bbox 323 716 1792 770; baseline -0.001 -11"><span class='ocrx_word' id='word_1_33' title='bbox 323 717 472 767; x_wconf 86' lang='lat' dir='ltr'>Uideo,</span> <span class='ocrx_word' id='word_1_34' title='bbox 504 731 665 765; x_wconf 86' lang='lat' dir='ltr'>eccum,</span> <span class='ocrx_word' id='word_1_35' title='bbox 698 717 772 770; x_wconf 92' lang='lat' dir='ltr'>qui</span> <span class='ocrx_word' id='word_1_36' title='bbox 803 730 952 758; x_wconf 84' lang='lat' dir='ltr'>amans</span> <span class='ocrx_word' id='word_1_37' title='bbox 986 721 1174 757; x_wconf 82' lang='lat' dir='ltr'>tutorem</span> <span class='ocrx_word' id='word_1_38' title='bbox 1207 716 1304 756; x_wconf 87' lang='lat' dir='ltr'>med</span> <span class='ocrx_word' id='word_1_39' title='bbox 1337 716 1506 768; x_wconf 76' lang='lat' dir='ltr'>optauit</span> <span class='ocrx_word' id='word_1_40' title='bbox 1534 717 1625 757; x_wconf 78' lang='lat' dir='ltr'>suis</span> <span class='ocrx_word' id='word_1_41' title='bbox 1656 716 1792 758; x_wconf 87' lang='lat' dir='ltr'>bonis.</span> 
     </span>
     <span class='ocr_line' id='line_1_8' title="bbox 901 795 1227 836; baseline 0 0"><span class='ocrx_word' id='word_1_42' title='bbox 901 795 1227 836; x_wconf 89' lang='lat' dir='ltr'>Diniarchus</span> 
     </span>
    </p>

    <p class='ocr_par' dir='ltr' id='par_1_6' title="bbox 324 867 1241 988">
     <span class='ocr_line' id='line_1_9' title="bbox 324 867 1033 921; baseline -0.001 -12"><span class='ocrx_word' id='word_1_43' title='bbox 324 868 492 919; x_wconf 81' lang='lat' dir='ltr'>Mulier,</span> <span class='ocrx_word' id='word_1_44' title='bbox 522 868 575 909; x_wconf 87' lang='lat' dir='ltr'>ad</span> <span class='ocrx_word' id='word_1_45' title='bbox 608 871 645 909; x_wconf 77' lang='lat' dir='ltr'>te</span> <span class='ocrx_word' id='word_1_46' title='bbox 675 882 770 909; x_wconf 86' lang='lat' dir='ltr'>sum</span> <span class='ocrx_word' id='word_1_47' title='bbox 804 867 1033 921; x_wconf 70' lang='lat' dir='ltr'>profectus</span> 
     </span>
     <span class='ocr_line' id='line_1_10' title="bbox 887 946 1241 988; baseline 0 -1"><span class='ocrx_word' id='word_1_48' title='bbox 887 946 1241 988; x_wconf 89' lang='lat' dir='ltr'>Phronesium</span> 
     </span>
    </p>

    <p class='ocr_par' dir='ltr' id='par_1_7' title="bbox 1032 1018 1812 1071">
     <span class='ocr_line' id='line_1_11' title="bbox 1032 1018 1812 1071; baseline -0.003 -11"><span class='ocrx_word' id='word_1_49' title='bbox 1032 1018 1143 1068; x_wconf 82' lang='lat' dir='ltr'>Quid</span> <span class='ocrx_word' id='word_1_50' title='bbox 1175 1019 1332 1071; x_wconf 86' lang='lat' dir='ltr'>agitur,</span> <span class='ocrx_word' id='word_1_51' title='bbox 1363 1018 1565 1071; x_wconf 88' lang='lat' dir='ltr'>uoluptas</span> <span class='ocrx_word' id='word_1_52' title='bbox 1598 1018 1722 1059; x_wconf 82' lang='lat' dir='ltr'>mea?</span> <span class='ocrx_word' id='word_1_53' title='bbox 1746 1029 1812 1063; x_wconf 85' lang='lat'>850</span> 
     </span>
    </p>

    <p class='ocr_par' dir='ltr' id='par_1_8' title="bbox 903 1097 1228 1138">
     <span class='ocr_line' id='line_1_12' title="bbox 903 1097 1228 1138; baseline 0 0"><span class='ocrx_word' id='word_1_54' title='bbox 903 1097 1228 1138; x_wconf 87' lang='lat' dir='ltr'>Diniarchus</span> 
     </span>
    </p>

    <p class='ocr_par' dir='ltr' id='par_1_9' title="bbox 326 1168 1806 1295">
     <span class='ocr_line' id='line_1_13' title="bbox 326 1168 1806 1225; baseline -0.003 -11"><span class='ocrx_word' id='word_1_55' title='bbox 326 1173 418 1214; x_wconf 86' lang='lat' dir='ltr'>Non</span> <span class='ocrx_word' id='word_1_56' title='bbox 451 1172 678 1225; x_wconf 83' lang='lat' dir='ltr'>uoluptas;</span> <span class='ocrx_word' id='word_1_57' title='bbox 708 1170 831 1210; x_wconf 87' lang='lat' dir='ltr'>aufer</span> <span class='ocrx_word' id='word_1_58' title='bbox 861 1183 1018 1221; x_wconf 83' lang='lat' dir='ltr'>nugas3</span> <span class='ocrx_word' id='word_1_59' title='bbox 1050 1169 1157 1210; x_wconf 86' lang='lat' dir='ltr'>nihil</span> <span class='ocrx_word' id='word_1_60' title='bbox 1189 1183 1267 1222; x_wconf 86' lang='lat' dir='ltr'>ego</span> <span class='ocrx_word' id='word_1_61' title='bbox 1291 1182 1404 1210; x_wconf 87' lang='lat' dir='ltr'>nunc</span> <span class='ocrx_word' id='word_1_62' title='bbox 1429 1168 1481 1209; x_wconf 89' lang='lat' dir='ltr'>de</span> <span class='ocrx_word' id='word_1_63' title='bbox 1507 1169 1617 1209; x_wconf 88' lang='lat' dir='ltr'>istac</span> <span class='ocrx_word' id='word_1_64' title='bbox 1642 1182 1688 1209; x_wconf 89' lang='lat' dir='ltr'>re</span> <span class='ocrx_word' id='word_1_65' title='bbox 1714 1169 1806 1221; x_wconf 86' lang='lat' dir='ltr'>ago.</span> 
     </span>
     <span class='ocr_line' id='line_1_14' title="bbox 888 1248 1243 1295; baseline -0.006 -5"><span class='ocrx_word' id='word_1_66' title='bbox 888 1248 1243 1295; x_wconf 82' lang='lat' dir='ltr'>Phronesium</span> 
     </span>
    </p>

    <p class='ocr_par' dir='ltr' id='par_1_10' title="bbox 325 1319 1740 1375">
     <span class='ocr_line' id='line_1_15' title="bbox 325 1319 1740 1375; baseline -0.004 -11"><span class='ocrx_word' id='word_1_67' title='bbox 325 1323 423 1364; x_wconf 86' lang='lat' dir='ltr'>Scio</span> <span class='ocrx_word' id='word_1_68' title='bbox 456 1325 682 1371; x_wconf 74' lang='lat' dir='ltr'>mecastor,</span> <span class='ocrx_word' id='word_1_69' title='bbox 716 1322 818 1375; x_wconf 90' lang='lat' dir='ltr'>quid</span> <span class='ocrx_word' id='word_1_70' title='bbox 850 1323 930 1371; x_wconf 80' lang='lat' dir='ltr'>uis,</span> <span class='ocrx_word' id='word_1_71' title='bbox 961 1327 1004 1362; x_wconf 87' lang='lat' dir='ltr'>et</span> <span class='ocrx_word' id='word_1_72' title='bbox 1035 1320 1139 1374; x_wconf 89' lang='lat' dir='ltr'>quid</span> <span class='ocrx_word' id='word_1_73' title='bbox 1172 1321 1364 1374; x_wconf 82' lang='lat' dir='ltr'>postules</span> <span class='ocrx_word' id='word_1_74' title='bbox 1396 1325 1439 1360; x_wconf 88' lang='lat' dir='ltr'>et</span> <span class='ocrx_word' id='word_1_75' title='bbox 1470 1319 1574 1373; x_wconf 92' lang='lat' dir='ltr'>quid</span> <span class='ocrx_word' id='word_1_76' title='bbox 1606 1323 1740 1372; x_wconf 86' lang='lat' dir='ltr'>petas.</span> 
     </span>
    </p>

    <p class='ocr_par' dir='ltr' id='par_1_11' title="bbox 324 1391 1691 1525">
     <span class='ocr_line' id='line_1_16' title="bbox 324 1391 1691 1446; baseline -0.002 -10"><span class='ocrx_word' id='word_1_77' title='bbox 324 1395 414 1436; x_wconf 88' lang='lat' dir='ltr'>Nec</span> <span class='ocrx_word' id='word_1_78' title='bbox 446 1409 511 1436; x_wconf 87' lang='lat' dir='ltr'>me</span> <span class='ocrx_word' id='word_1_79' title='bbox 546 1395 611 1434; x_wconf 86' lang='lat' dir='ltr'>uis</span> <span class='ocrx_word' id='word_1_80' title='bbox 643 1408 721 1435; x_wconf 87' lang='lat' dir='ltr'>nec</span> <span class='ocrx_word' id='word_1_81' title='bbox 752 1408 819 1435; x_wconf 89' lang='lat' dir='ltr'>me</span> <span class='ocrx_word' id='word_1_82' title='bbox 850 1400 893 1434; x_wconf 87' lang='lat' dir='ltr'>te</span> <span class='ocrx_word' id='word_1_83' title='bbox 925 1406 1071 1434; x_wconf 85' lang='lat' dir='ltr'>amare</span> <span class='ocrx_word' id='word_1_84' title='bbox 1103 1391 1319 1446; x_wconf 80' lang='lat' dir='ltr'>postulas3</span> <span class='ocrx_word' id='word_1_85' title='bbox 1353 1405 1533 1445; x_wconf 91' lang='lat' dir='ltr'>puerum</span> <span class='ocrx_word' id='word_1_86' title='bbox 1565 1393 1691 1444; x_wconf 87' lang='lat' dir='ltr'>petis.</span> 
     </span>
     <span class='ocr_line' id='line_1_17' title="bbox 905 1472 1347 1525; baseline -0.005 -12"><span class='ocrx_word' id='word_1_87' title='bbox 905 1472 1235 1513; x_wconf 87' lang='lat' dir='ltr'>Diniarchus</span> <span class='ocrx_word' id='word_1_88' title='bbox 1343 1522 1347 1525; x_wconf 35' lang='grc'><strong>,</strong></span> 
     </span>
    </p>

    <p class='ocr_par' dir='ltr' id='par_1_12' title="bbox 325 1543 1810 1599">
     <span class='ocr_line' id='line_1_18' title="bbox 325 1543 1810 1599; baseline -0.003 -12"><span class='ocrx_word' id='word_1_89' title='bbox 325 1547 378 1587; x_wconf 92' lang='lat' dir='ltr'>Di</span> <span class='ocrx_word' id='word_1_90' title='bbox 395 1546 658 1597; x_wconf 85' lang='lat' dir='ltr'>inmortales,</span> <span class='ocrx_word' id='word_1_91' title='bbox 690 1550 739 1586; x_wconf 89' lang='lat' dir='ltr'>ut</span> <span class='ocrx_word' id='word_1_92' title='bbox 755 1545 1007 1599; x_wconf 85' lang='lat' dir='ltr'>planiloqua</span> <span class='ocrx_word' id='word_1_93' title='bbox 1025 1543 1108 1585; x_wconf 83' lang='lat' dir='ltr'>est!</span> <span class='ocrx_word' id='word_1_94' title='bbox 1141 1543 1289 1597; x_wconf 86' lang='lat' dir='ltr'>paucis</span> <span class='ocrx_word' id='word_1_95' title='bbox 1313 1547 1361 1584; x_wconf 85' lang='lat' dir='ltr'>ut</span> <span class='ocrx_word' id='word_1_96' title='bbox 1385 1557 1473 1584; x_wconf 82' lang='lat' dir='ltr'>rem</span> <span class='ocrx_word' id='word_1_97' title='bbox 1491 1543 1629 1596; x_wconf 81' lang='lat' dir='ltr'>ipsam</span> <span class='ocrx_word' id='word_1_98' title='bbox 1646 1543 1810 1596; x_wconf 82' lang='lat' dir='ltr'>attigit!</span> 
     </span>
    </p>
   </div>
   <div class='ocr_carea' id='block_1_3' title="bbox 890 1635 1250 1676">
    <p class='ocr_par' dir='ltr' id='par_1_13' title="bbox 890 1635 1250 1676">
     <span class='ocr_line' id='line_1_19' title="bbox 890 1635 1250 1676; baseline -0.003 -1"><span class='ocrx_word' id='word_1_99' title='bbox 890 1635 1250 1676; x_wconf 85' lang='lat' dir='ltr'>Phronesium</span> 
     </span>
    </p>
   </div>
   <div class='ocr_carea' id='block_1_4' title="bbox 327 1705 1841 1769">
    <p class='ocr_par' dir='ltr' id='par_1_14' title="bbox 327 1705 1841 1769">
     <span class='ocr_line' id='line_1_20' title="bbox 327 1705 1841 1769; baseline -0.002 -20"><span class='ocrx_word' id='word_1_100' title='bbox 327 1709 424 1749; x_wconf 84' lang='lat' dir='ltr'>Scio</span> <span class='ocrx_word' id='word_1_101' title='bbox 458 1709 657 1762; x_wconf 86' lang='lat' dir='ltr'>equidem</span> <span class='ocrx_word' id='word_1_102' title='bbox 690 1721 891 1761; x_wconf 87' lang='lat' dir='ltr'>sponsam</span> <span class='ocrx_word' id='word_1_103' title='bbox 923 1707 1004 1748; x_wconf 87' lang='lat' dir='ltr'>tibi</span> <span class='ocrx_word' id='word_1_104' title='bbox 1029 1720 1120 1748; x_wconf 83' lang='lat' dir='ltr'>esse</span> <span class='ocrx_word' id='word_1_105' title='bbox 1146 1712 1186 1746; x_wconf 90' lang='lat' dir='ltr'>et</span> <span class='ocrx_word' id='word_1_106' title='bbox 1213 1705 1349 1746; x_wconf 91' lang='lat' dir='ltr'>filium</span> <span class='ocrx_word' id='word_1_107' title='bbox 1374 1719 1425 1746; x_wconf 79' lang='lat' dir='ltr'>ex</span> <span class='ocrx_word' id='word_1_108' title='bbox 1449 1719 1612 1758; x_wconf 86' lang='lat' dir='ltr'>sponsa</span> <span class='ocrx_word' id='word_1_109' title='bbox 1635 1709 1723 1754; x_wconf 89' lang='lat' dir='ltr'>tua,</span> <span class='ocrx_word' id='word_1_110' title='bbox 1748 1716 1841 1769; x_wconf 29' lang='lat'>855..</span> 
     </span>
    </p>
   </div>
   <div class='ocr_carea' id='block_1_5' title="bbox 327 1777 1813 2344">
    <p class='ocr_par' dir='ltr' id='par_1_15' title="bbox 327 1777 1811 1976">
     <span class='ocr_line' id='line_1_21' title="bbox 330 1777 1377 1825; baseline -0.004 -4"><span class='ocrx_word' id='word_1_111' title='bbox 330 1781 383 1821; x_wconf 87' lang='lat' dir='ltr'>Et</span> <span class='ocrx_word' id='word_1_112' title='bbox 413 1781 491 1821; x_wconf 91' lang='lat' dir='ltr'>tibi</span> <span class='ocrx_word' id='word_1_113' title='bbox 524 1793 701 1820; x_wconf 86' lang='lat' dir='ltr'>uxorem</span> <span class='ocrx_word' id='word_1_114' title='bbox 734 1780 973 1821; x_wconf 84' lang='lat' dir='ltr'>ducendam</span> <span class='ocrx_word' id='word_1_115' title='bbox 1005 1777 1198 1820; x_wconf 82' lang='lat' dir='ltr'>Calliclai</span> <span class='ocrx_word' id='word_1_116' title='bbox 1230 1777 1377 1825; x_wconf 75' lang='lat' dir='ltr'>filiam,</span> 
     </span>
     <span class='ocr_line' id='line_1_22' title="bbox 327 1849 1811 1905; baseline -0.003 -12"><span class='ocrx_word' id='word_1_117' title='bbox 327 1854 526 1894; x_wconf 83' lang='lat' dir='ltr'>Animum</span> <span class='ocrx_word' id='word_1_118' title='bbox 553 1860 673 1893; x_wconf 84' lang='lat' dir='ltr'>tuum</span> <span class='ocrx_word' id='word_1_119' title='bbox 697 1858 746 1893; x_wconf 83' lang='lat' dir='ltr'>ut</span> <span class='ocrx_word' id='word_1_120' title='bbox 772 1852 897 1905; x_wconf 80' lang='lat' dir='ltr'>quasi</span> <span class='ocrx_word' id='word_1_121' title='bbox 924 1866 1000 1904; x_wconf 83' lang='lat' dir='ltr'>pro</span> <span class='ocrx_word' id='word_1_122' title='bbox 1025 1851 1181 1891; x_wconf 80' lang='lat' dir='ltr'>relicta</span> <span class='ocrx_word' id='word_1_123' title='bbox 1209 1851 1266 1890; x_wconf 85' lang='lat' dir='ltr'>sis</span> <span class='ocrx_word' id='word_1_124' title='bbox 1291 1849 1542 1900; x_wconf 84' lang='lat' dir='ltr'>habiturus;</span> <span class='ocrx_word' id='word_1_125' title='bbox 1575 1849 1647 1890; x_wconf 75' lang='lat' dir='ltr'>sed</span> <span class='ocrx_word' id='word_1_126' title='bbox 1673 1852 1811 1889; x_wconf 78' lang='lat' dir='ltr'>tamen</span> 
     </span>
     <span class='ocr_line' id='line_1_23' title="bbox 328 1922 1524 1976; baseline -0.003 -11"><span class='ocrx_word' id='word_1_127' title='bbox 328 1924 543 1976; x_wconf 80' lang='lat' dir='ltr'>Cogitato,</span> <span class='ocrx_word' id='word_1_128' title='bbox 578 1938 673 1964; x_wconf 86' lang='lat' dir='ltr'>mus</span> <span class='ocrx_word' id='word_1_129' title='bbox 705 1923 884 1976; x_wconf 83' lang='lat' dir='ltr'>pusillus</span> <span class='ocrx_word' id='word_1_130' title='bbox 917 1936 1047 1976; x_wconf 89' lang='lat' dir='ltr'>quam</span> <span class='ocrx_word' id='word_1_131' title='bbox 1079 1924 1136 1964; x_wconf 90' lang='lat' dir='ltr'>sit</span> <span class='ocrx_word' id='word_1_132' title='bbox 1167 1923 1341 1975; x_wconf 82' lang='lat' dir='ltr'>sapiens</span> <span class='ocrx_word' id='word_1_133' title='bbox 1373 1922 1524 1970; x_wconf 83' lang='lat' dir='ltr'>bestia,</span> 
     </span>
    </p>

    <p class='ocr_par' dir='ltr' id='par_1_16' title="bbox 327 1993 1813 2269">
     <span class='ocr_line' id='line_1_24' title="bbox 327 1993 1681 2048; baseline -0.002 -12"><span class='ocrx_word' id='word_1_134' title='bbox 327 1999 524 2038; x_wconf 85' lang='lat' dir='ltr'>Aetatem</span> <span class='ocrx_word' id='word_1_135' title='bbox 558 1996 630 2048; x_wconf 88' lang='lat' dir='ltr'>qui</span> <span class='ocrx_word' id='word_1_136' title='bbox 661 2009 749 2036; x_wconf 76' lang='lat' dir='ltr'>non</span> <span class='ocrx_word' id='word_1_137' title='bbox 780 1994 910 2035; x_wconf 87' lang='lat' dir='ltr'>cubili</span> <span class='ocrx_word' id='word_1_138' title='bbox 941 1995 1018 2035; x_wconf 67' lang='lat' dir='ltr'>uoti</span> <span class='ocrx_word' id='word_1_139' title='bbox 1049 2008 1252 2048; x_wconf 87' lang='lat' dir='ltr'>umquam</span> <span class='ocrx_word' id='word_1_140' title='bbox 1284 1993 1518 2035; x_wconf 83' lang='lat' dir='ltr'>committit</span> <span class='ocrx_word' id='word_1_141' title='bbox 1548 2006 1681 2038; x_wconf 78' lang='lat' dir='ltr'>suam.</span> 
     </span>
     <span class='ocr_line' id='line_1_25' title="bbox 328 2065 1813 2118; baseline 0 -10"><span class='ocrx_word' id='word_1_142' title='bbox 328 2068 451 2118; x_wconf 86' lang='lat' dir='ltr'>Quin,</span> <span class='ocrx_word' id='word_1_143' title='bbox 482 2069 518 2108; x_wconf 87' lang='lat' dir='ltr'>si</span> <span class='ocrx_word' id='word_1_144' title='bbox 541 2082 671 2108; x_wconf 83' lang='lat' dir='ltr'>unum</span> <span class='ocrx_word' id='word_1_145' title='bbox 699 2068 855 2108; x_wconf 79' lang='lat' dir='ltr'>ostium</span> <span class='ocrx_word' id='word_1_146' title='bbox 881 2067 1144 2116; x_wconf 87' lang='lat' dir='ltr'>obsideatur,</span> <span class='ocrx_word' id='word_1_147' title='bbox 1179 2065 1296 2107; x_wconf 86' lang='lat' dir='ltr'>aliud</span> <span class='ocrx_word' id='word_1_148' title='bbox 1321 2065 1559 2118; x_wconf 86' lang='lat' dir='ltr'>perfugium</span> <span class='ocrx_word' id='word_1_149' title='bbox 1586 2068 1720 2118; x_wconf 87' lang='lat' dir='ltr'>paret.</span> <span class='ocrx_word' id='word_1_150' title='bbox 1746 2074 1813 2108; x_wconf 84' lang='grc'>860</span> 
     </span>
     <span class='ocr_line' id='line_1_26' title="bbox 906 2145 1236 2187; baseline -0.003 0"><span class='ocrx_word' id='word_1_151' title='bbox 906 2145 1236 2187; x_wconf 89' lang='lat' dir='ltr'>Diniarchus</span> 
     </span>
     <span class='ocr_line' id='line_1_27' title="bbox 328 2215 1810 2269; baseline -0.003 -9"><span class='ocrx_word' id='word_1_152' title='bbox 328 2218 473 2260; x_wconf 85' lang='lat' dir='ltr'>Otium</span> <span class='ocrx_word' id='word_1_153' title='bbox 505 2219 578 2260; x_wconf 88' lang='lat' dir='ltr'>ubi</span> <span class='ocrx_word' id='word_1_154' title='bbox 610 2220 712 2266; x_wconf 79' lang='lat' dir='ltr'>erit,</span> <span class='ocrx_word' id='word_1_155' title='bbox 745 2218 798 2259; x_wconf 88' lang='lat' dir='ltr'>de</span> <span class='ocrx_word' id='word_1_156' title='bbox 833 2219 928 2259; x_wconf 85' lang='lat' dir='ltr'>istis</span> <span class='ocrx_word' id='word_1_157' title='bbox 958 2218 1090 2260; x_wconf 84' lang='lat' dir='ltr'>rebus</span> <span class='ocrx_word' id='word_1_158' title='bbox 1120 2222 1211 2259; x_wconf 90' lang='lat' dir='ltr'>tum</span> <span class='ocrx_word' id='word_1_159' title='bbox 1243 2217 1429 2269; x_wconf 85' lang='lat' dir='ltr'>amplius</span> <span class='ocrx_word' id='word_1_160' title='bbox 1463 2221 1609 2257; x_wconf 83' lang='lat' dir='ltr'>tecum</span> <span class='ocrx_word' id='word_1_161' title='bbox 1640 2215 1810 2269; x_wconf 86' lang='lat' dir='ltr'>loquar;</span> 
     </span>
    </p>

    <p class='ocr_par' dir='ltr' id='par_1_17' title="bbox 328 2290 839 2344">
     <span class='ocr_line' id='line_1_28' title="bbox 328 2290 839 2344; baseline 0.002 -13"><span class='ocrx_word' id='word_1_162' title='bbox 328 2290 453 2331; x_wconf 87' lang='lat' dir='ltr'>Nunc</span> <span class='ocrx_word' id='word_1_163' title='bbox 483 2304 663 2344; x_wconf 88' lang='lat' dir='ltr'>puerum</span> <span class='ocrx_word' id='word_1_164' title='bbox 693 2290 839 2332; x_wconf 85' lang='lat' dir='ltr'>redde.</span> 
     </span>
    </p>
   </div>
   <div class='ocr_carea' id='block_1_6' title="bbox 331 2395 598 2398">
    <p class='ocr_par' dir='ltr' id='par_1_18' title="bbox 331 2395 598 2398">
     <span class='ocr_line' id='line_1_29' title="bbox 331 2395 598 2398; baseline 0 0"><span class='ocrx_word' id='word_1_165' title='bbox 331 2395 598 2398; x_wconf 95' lang='lat' dir='ltr'> </span> 
     </span>
    </p>
   </div>
   <div class='ocr_carea' id='block_1_7' title="bbox 329 2445 1810 2834">
    <p class='ocr_par' dir='ltr' id='par_1_19' title="bbox 329 2445 1810 2834">
     <span class='ocr_line' id='line_1_30' title="bbox 441 2445 1809 2484; baseline -0.004 -1"><span class='ocrx_word' id='word_1_166' title='bbox 441 2451 507 2484; x_wconf 83' lang='lat'>846</span> <span class='ocrx_word' id='word_1_167' title='bbox 533 2449 791 2483; x_wconf 75' lang='lat' dir='ltr'>intonstricem</span> <span class='ocrx_word' id='word_1_168' title='bbox 906 2459 1026 2483; x_wconf 88' lang='lat' dir='ltr'>meam</span> <span class='ocrx_word' id='word_1_169' title='bbox 1052 2449 1147 2482; x_wconf 86' lang='lat' dir='ltr'>sicut</span> <span class='ocrx_word' id='word_1_170' title='bbox 1172 2447 1327 2482; x_wconf 82' lang='lat' dir='ltr'>multam</span> <span class='ocrx_word' id='word_1_171' title='bbox 1442 2447 1509 2480; x_wconf 80' lang='lat'>847</span> <span class='ocrx_word' id='word_1_172' title='bbox 1532 2445 1585 2480; x_wconf 82' lang='lat' dir='ltr'>Ea</span> <span class='ocrx_word' id='word_1_173' title='bbox 1612 2445 1705 2479; x_wconf 82' lang='lat' dir='ltr'>dixit</span> <span class='ocrx_word' id='word_1_174' title='bbox 1728 2455 1809 2479; x_wconf 83' lang='lat' dir='ltr'>eum</span> 
     </span>
     <span class='ocr_line' id='line_1_31' title="bbox 329 2501 1807 2549; baseline -0.003 -9"><span class='ocrx_word' id='word_1_175' title='bbox 329 2508 396 2541; x_wconf 80' lang='lat'>848</span> <span class='ocrx_word' id='word_1_176' title='bbox 420 2506 489 2541; x_wconf 83' lang='lat' dir='ltr'>Ubi</span> <span class='ocrx_word' id='word_1_177' title='bbox 514 2507 544 2540; x_wconf 76' lang='lat' dir='ltr'>it</span> <span class='ocrx_word' id='word_1_178' title='bbox 568 2506 621 2549; x_wconf 83' lang='lat' dir='ltr'>(id</span> <span class='ocrx_word' id='word_1_179' title='bbox 648 2505 686 2547; x_wconf 81' lang='lat' dir='ltr'>C)</span> <span class='ocrx_word' id='word_1_180' title='bbox 713 2506 855 2539; x_wconf 79' lang='lat' dir='ltr'>audiuit</span> <span class='ocrx_word' id='word_1_181' title='bbox 880 2517 1099 2549; x_wconf 85' lang='lat' dir='ltr'>quamquam</span> <span class='ocrx_word' id='word_1_182' title='bbox 1178 2506 1244 2539; x_wconf 82' lang='lat'>849</span> <span class='ocrx_word' id='word_1_183' title='bbox 1270 2508 1534 2537; x_wconf 59' lang='lat' dir='ltr'>mrinstutorem</span> <span class='ocrx_word' id='word_1_184' title='bbox 1613 2513 1672 2536; x_wconf 86' lang='lat' dir='ltr'>me</span> <span class='ocrx_word' id='word_1_185' title='bbox 1696 2501 1807 2545; x_wconf 85' lang='lat' dir='ltr'>adop-</span> 
     </span>
     <span class='ocr_line' id='line_1_32' title="bbox 331 2559 1809 2606; baseline -0.004 -9"><span class='ocrx_word' id='word_1_186' title='bbox 331 2564 425 2597; x_wconf 80' lang='lat' dir='ltr'>tauis</span> <span class='ocrx_word' id='word_1_187' title='bbox 497 2564 564 2597; x_wconf 76' lang='lat'>850</span> <span class='ocrx_word' id='word_1_188' title='bbox 588 2562 717 2596; x_wconf 84' lang='lat' dir='ltr'>adsum</span> <span class='ocrx_word' id='word_1_189' title='bbox 745 2564 948 2606; x_wconf 79' lang='lat' dir='ltr'>profectust</span> <span class='ocrx_word' id='word_1_190' title='bbox 1024 2563 1085 2595; x_wconf 73' lang='lat'>351</span> <span class='ocrx_word' id='word_1_191' title='bbox 1115 2562 1212 2596; x_wconf 88' lang='lat' dir='ltr'>huuc</span> <span class='ocrx_word' id='word_1_192' title='bbox 1293 2562 1359 2594; x_wconf 71' lang='lat'>853</span> <span class='ocrx_word' id='word_1_193' title='bbox 1385 2561 1442 2593; x_wconf 80' lang='lat' dir='ltr'>Me</span> <span class='ocrx_word' id='word_1_194' title='bbox 1467 2559 1589 2593; x_wconf 79' lang='lat' dir='ltr'>uidere</span> <span class='ocrx_word' id='word_1_195' title='bbox 1615 2559 1669 2592; x_wconf 80' lang='lat' dir='ltr'>uis</span> <span class='ocrx_word' id='word_1_196' title='bbox 1694 2563 1731 2592; x_wconf 85' lang='lat' dir='ltr'>et</span> <span class='ocrx_word' id='word_1_197' title='bbox 1753 2567 1809 2591; x_wconf 82' lang='lat' dir='ltr'>me</span> 
     </span>
     <span class='ocr_line' id='line_1_33' title="bbox 329 2613 1810 2663; baseline -0.004 -9"><span class='ocrx_word' id='word_1_198' title='bbox 329 2622 397 2654; x_wconf 79' lang='lat'>854</span> <span class='ocrx_word' id='word_1_199' title='bbox 422 2620 478 2653; x_wconf 86' lang='lat' dir='ltr'>Dii</span> <span class='ocrx_word' id='word_1_200' title='bbox 553 2625 660 2663; x_wconf 72' lang='lat' dir='ltr'>repsa</span> <span class='ocrx_word' id='word_1_201' title='bbox 685 2618 720 2652; x_wconf 80' lang='lat' dir='ltr'><em>B</em></span> <span class='ocrx_word' id='word_1_202' title='bbox 790 2621 855 2653; x_wconf 73' lang='lat'>856</span> <span class='ocrx_word' id='word_1_203' title='bbox 881 2620 950 2653; x_wconf 87' lang='lat' dir='ltr'>iam</span> <span class='ocrx_word' id='word_1_204' title='bbox 978 2630 1057 2653; x_wconf 80' lang='lat' dir='ltr'>esse</span> <span class='ocrx_word' id='word_1_205' title='bbox 1083 2619 1169 2652; x_wconf 90' lang='lat' dir='ltr'>alibi</span> <span class='ocrx_word' id='word_1_206' title='bbox 1195 2619 1266 2652; x_wconf 88' lang='lat' dir='ltr'>iam</span> <span class='ocrx_word' id='word_1_207' title='bbox 1349 2619 1416 2651; x_wconf 75' lang='lat'>857</span> <span class='ocrx_word' id='word_1_208' title='bbox 1440 2618 1490 2651; x_wconf 87' lang='lat' dir='ltr'>Et</span> <span class='ocrx_word' id='word_1_209' title='bbox 1567 2615 1744 2650; x_wconf 77' lang='lat' dir='ltr'>derelicta</span> <span class='ocrx_word' id='word_1_210' title='bbox 1765 2613 1810 2652; x_wconf 85' lang='lat' dir='ltr'>B,</span> 
     </span>
     <span class='ocr_line' id='line_1_34' title="bbox 331 2674 1808 2718; baseline -0.003 -9"><span class='ocrx_word' id='word_1_211' title='bbox 331 2677 466 2711; x_wconf 71' lang='lat' dir='ltr'>delio-ta</span> <span class='ocrx_word' id='word_1_212' title='bbox 492 2676 521 2709; x_wconf 77' lang='lat' dir='ltr'><strong><em>C</em></strong></span> <span class='ocrx_word' id='word_1_213' title='bbox 612 2687 717 2709; x_wconf 82' lang='lat' dir='ltr'>amen</span> <span class='ocrx_word' id='word_1_214' title='bbox 811 2677 877 2708; x_wconf 74' lang='lat'>358</span> <span class='ocrx_word' id='word_1_215' title='bbox 903 2676 1021 2710; x_wconf 82' lang='lat' dir='ltr'>uestia</span> <span class='ocrx_word' id='word_1_216' title='bbox 1119 2676 1186 2708; x_wconf 62' lang='lat'>559</span> <span class='ocrx_word' id='word_1_217' title='bbox 1211 2676 1299 2718; x_wconf 82' lang='lat' dir='ltr'>quin</span> <span class='ocrx_word' id='word_1_218' title='bbox 1326 2674 1486 2707; x_wconf 59' lang='lat' dir='ltr'>meabili&amp;</span> <span class='ocrx_word' id='word_1_219' title='bbox 1511 2684 1619 2717; x_wconf 87' lang='lat' dir='ltr'>quam</span> <span class='ocrx_word' id='word_1_220' title='bbox 1705 2680 1808 2705; x_wconf 83' lang='lat' dir='ltr'>sunm</span> 
     </span>
     <span class='ocr_line' id='line_1_35' title="bbox 331 2729 1808 2776; baseline -0.005 -9"><span class='ocrx_word' id='word_1_221' title='bbox 331 2735 396 2767; x_wconf 77' lang='lat'>860</span> <span class='ocrx_word' id='word_1_222' title='bbox 421 2732 511 2775; x_wconf 77' lang='lat' dir='ltr'>Quia</span> <span class='ocrx_word' id='word_1_223' title='bbox 537 2733 564 2765; x_wconf 86' lang='lat' dir='ltr'>si</span> <span class='ocrx_word' id='word_1_224' title='bbox 591 2732 636 2772; x_wconf 82' lang='lat' dir='ltr'>B,</span> <span class='ocrx_word' id='word_1_225' title='bbox 663 2733 765 2776; x_wconf 62' lang='lat' dir='ltr'>quasi</span> <span class='ocrx_word' id='word_1_226' title='bbox 795 2732 822 2763; x_wconf 64' lang='lat' dir='ltr'>(J</span> <span class='ocrx_word' id='word_1_227' title='bbox 944 2732 1066 2765; x_wconf 69' lang='lat' dir='ltr'>odium</span> <span class='ocrx_word' id='word_1_228' title='bbox 1095 2731 1140 2773; x_wconf 86' lang='lat' dir='ltr'>B,</span> <span class='ocrx_word' id='word_1_229' title='bbox 1165 2741 1230 2765; x_wconf 80' lang='lat' dir='ltr'>om.</span> <span class='ocrx_word' id='word_1_230' title='bbox 1257 2730 1285 2763; x_wconf 87' lang='lat' dir='ltr'><em>C</em></span> <span class='ocrx_word' id='word_1_231' title='bbox 1402 2729 1608 2763; x_wconf 67' lang='lat' dir='ltr'>obsidiator</span> <span class='ocrx_word' id='word_1_232' title='bbox 1632 2729 1706 2762; x_wconf 71' lang='lat' dir='ltr'>aliu</span> <span class='ocrx_word' id='word_1_233' title='bbox 1728 2737 1808 2771; x_wconf 84' lang='lat' dir='ltr'>per-</span> 
     </span>
     <span class='ocr_line' id='line_1_36' title="bbox 332 2788 910 2834; baseline -0.005 -10"><span class='ocrx_word' id='word_1_234' title='bbox 332 2791 471 2834; x_wconf 77' lang='lat' dir='ltr'>fugium</span> <span class='ocrx_word' id='word_1_235' title='bbox 499 2790 597 2834; x_wconf 73' lang='lat' dir='ltr'>gerit</span> <span class='ocrx_word' id='word_1_236' title='bbox 689 2789 749 2821; x_wconf 65' lang='lat'>861</span> <span class='ocrx_word' id='word_1_237' title='bbox 781 2788 910 2821; x_wconf 81' lang='lat' dir='ltr'>Odium</span> 
     </span>
    </p>
   </div>
   <div class='ocr_carea' id='block_1_8' title="bbox 1916 0 2009 3218">
    <p class='ocr_par' dir='ltr' id='par_1_20' title="bbox 1916 0 2009 3218">
     <span class='ocr_line' id='line_1_37' title="bbox 1916 0 2009 3218; baseline 0.441 -2618"><span class='ocrx_word' id='word_1_238' title='bbox 1916 0 2009 3218; x_wconf 95' lang='lat' dir='ltr'>     </span> 
     </span>
    </p>
   </div>
   <div class='ocr_carea' id='block_1_9' title="bbox 1923 608 1924 630">
    <p class='ocr_par' dir='ltr' id='par_1_21' title="bbox 1923 608 1924 630">
     <span class='ocr_line' id='line_1_38' title="bbox 1923 608 1924 630; baseline 0 2588"><span class='ocrx_word' id='word_1_239' title='bbox 1923 608 1924 630; x_wconf 95' lang='lat' dir='ltr'> </span> 
     </span>
    </p>
   </div>
   <div class='ocr_carea' id='block_1_10' title="bbox 1912 607 1923 634">
    <p class='ocr_par' dir='ltr' id='par_1_22' title="bbox 1912 607 1923 634">
     <span class='ocr_line' id='line_1_39' title="bbox 1912 607 1923 634; textangle 90"><span class='ocrx_word' id='word_1_240' title='bbox 1912 607 1923 634; x_wconf 52' lang='lat' dir='ltr'>*a</span> 
     </span>
    </p>
   </div>
   <div class='ocr_carea' id='block_1_11' title="bbox 1875 574 1950 1184">
    <p class='ocr_par' dir='ltr' id='par_1_23' title="bbox 1875 574 1950 1184">
     <span class='ocr_line' id='line_1_40' title="bbox 1875 574 1950 1184; textangle 90"><span class='ocrx_word' id='word_1_241' title='bbox 1882 1151 1915 1184; x_wconf 47' lang='grc' dir='ltr'>’ν’</span> <span class='ocrx_word' id='word_1_242' title='bbox 1899 1104 1918 1132; x_wconf 63' lang='lat'>&gt;-</span> <span class='ocrx_word' id='word_1_243' title='bbox 1893 960 1950 1078; x_wconf 39' lang='grc' dir='ltr'>»ςκ-</span> <span class='ocrx_word' id='word_1_244' title='bbox 1875 609 1934 946; x_wconf 42' lang='grc' dir='ltr'>-τ-τεδ-’Ξᾎῆῆκεᾱι</span> <span class='ocrx_word' id='word_1_245' title='bbox 1891 574 1896 584; x_wconf 86' lang='grc'><em>·</em></span> 
     </span>
    </p>
   </div>
  </div>
 </body>
</html>
