2009 3218
365 248 416 286 26
1046 245 1167 280 Plauti
1576 244 1625 286 II,
1651 245 1683 286 2,
1707 246 1843 279 53—60

900 370 1303 422 Sophoclidisca

714 440 771 482 Et
800 441 872 495 pol
905 455 982 495 ego
1014 442 1070 484 ad
1100 456 1192 483 uos.

957 527 1238 582 Paeonium

1102 599 1215 650 Quid
1249 600 1328 641 eo?

899 686 1299 738 Sophoclidisca

1266 756 1378 807 Quid
1408 756 1452 798 id
1484 756 1540 798 ad
1570 761 1614 799 be
1645 757 1839 799 adtinet?

955 844 1236 897 Pacynium

356 916 480 957 Enim
511 930 595 958 non
626 916 708 958 ibis
739 929 864 966 nunc,
894 916 1084 958 uicissim
1115 916 1198 957 nisi
1231 915 1330 957 scio.

899 1010 1300 1062 Sophoclidisca

1392 1080 1625 1124 Odiosus’s.

954 1169 1239 1221 Paeyiiiam

1685 1224 1837 1266 Lubet.

353 1298 603 1353 Numquam
634 1299 778 1341 hercle
809 1299 922 1340 istuc
953 1297 1270 1348 exterebrabis,
1315 1301 1362 1338 tu
1394 1300 1442 1338 ut
1471 1296 1528 1337 sis
1558 1295 1679 1350 peior
1710 1309 1839 1350 quam

1310 1383 1387 1422 ego
1421 1368 1539 1410 siem.

895 1441 1232 1493 Sophoclidis
1246 1453 1300 1481 ca

351 1512 521 1555 Malitia
551 1517 719 1556 certare
751 1518 894 1556 tecum
925 1514 1100 1555 miseria
1132 1516 1210 1555 est.

950 1607 1234 1661 Paeyni‘am

1280 1678 1395 1720 Mers
1427 1682 1475 1720 ‘cu
1507 1677 1621 1720 mala
1652 1691 1708 1720 es.

352 1749 463 1800 Quid
495 1756 572 1803 est,
604 1752 721 1806 quod
751 1752 948 1794 metuas?

892 1845 1291 1898 Sophoclidisca

811 1917 930 1960 Idem
961 1917 1087 1969 istuc,
1120 1916 1233 1971 quod
1265 1920 1324 1958 tu.

948 2011 1234 2065 Paeoniam

1189 2083 1269 2124 Dic
1300 2097 1414 2137 ergo.

891 2178 1297 2230 Sophoclidisca

1335 2250 1395 2291 At
1425 2253 1469 2291 ta
1500 2249 1566 2291 dic
1586 2249 1728 2301 prius.
1769 2260 1836 2294 240

948 2343 1186 2397 Paeyiiiu
1195 2357 1236 2384 m

348 2416 552 2458 Edictum
578 2420 644 2457 est
669 2428 926 2468 magnopere
951 2415 1068 2467 mihi,
1100 2430 1153 2457 ne
1171 2417 1406 2470 quoiquam
1425 2415 1587 2457 homini
1604 2414 1836 2466 crederem,

348 2489 505 2529 Omnes
537 2488 644 2528 muli
675 2491 723 2528 ut
753 2487 1056 2540 eloquerentur
1088 2488 1207 2541 prius
1239 2487 1320 2529 hoo
1352 2501 1480 2540 quam
1513 2500 1603 2539 ego.

459 2646 525 2679 236
550 2647 609 2679 ate
635 2647 776 2678 attenet
801 2643 836 2678 B
936 2645 1003 2679 237
1027 2644 1157 2680 nisicio
1183 2644 1218 2679 B
1323 2643 1472 2678 odiosus
1499 2655 1536 2678 es
1642 2645 1708 2679 238
1732 2645 1836 2688 prior

347 2703 424 2736 239·
439 2701 576 2735 Milicia
600 2700 636 2734 B
729 2702 797 2734 240
821 2700 857 2733 di
883 2699 918 2735 B
1030 2713 1120 2745 ergo
1145 2714 1189 2735 no
1212 2701 1281 2735 hoc
1301 2701 1470 2744 cuiquam
1492 2700 1632 2734 homini
1654 2700 1834 2734 edicerem

349 2769 474 2792 omnes
501 2757 607 2790 multi
634 2760 673 2790 ut
700 2757 939 2800 loquerentur
963 2757 1064 2799 prius
1146 2759 1208 2791 241
1236 2757 1385 2791 Editum
1409 2756 1445 2791 B
1527 2758 1593 2790 242
1617 2757 1696 2790 miti
1721 2756 1756 2790 B

348 2815 587 2858 loquerentur
