2009 3218
715 226 754 261 V.
780 228 969 263 531—577.
1501 232 1581 271 483

112 352 393 408 tegetillum.*)
425 375 479 381 —-
507 353 676 393 unicum
706 358 751 393 A.
784 376 837 380 —
881 357 972 393 566.
1004 354 1119 405 pluit
1149 357 1235 395 edd.
1267 377 1321 384 —-
1362 360 1453 396 567.
1485 368 1583 406 pae-

111 423 224 472 nitet,
254 439 289 463 v.
321 425 371 462 ad
403 423 538 461 Bacch.
576 425 694 461 1182.
741 424 827 460 Ter.
854 423 953 461 Eun.
984 426 1086 461 1013
1120 439 1199 474 sq.:
1245 427 1329 473 „An
1359 426 1585 475 paenitebat

110 495 243 546 flagiti,
273 497 311 531 te
343 497 502 529 auctore
532 493 637 541 quod
668 493 823 529 fecisset
853 491 1103 538 Adulescens,
1143 495 1181 529 ni
1213 495 1394 531 miserum
1426 495 1585 542 insuper

112 564 225 602 otiam
262 561 366 611 patri
404 558 647 597 indicares'?“
724 559 837 598 Unde
876 564 1044 609 apparet
1084 561 1123 596 in
1170 562 1349 609 proximo
1387 575 1503 599 versu
1538 558 1585 599 ms

113 628 352 670 scribendum
384 641 478 674 esse,
511 641 587 664 non
622 626 734 675 „ne“,
766 628 873 677 quod
903 627 1004 664 vidit
1035 626 1140 665 Cam.
1169 626 1292 674 „nisi“
1320 630 1505 667 scribens.
1530 650 1584 655 ——

112 696 235 746 claui,
274 697 320 734 cf.
356 697 447 734 526.
492 714 546 720 —
591 695 732 732 Hiatur
762 700 852 745 post
889 692 947 732 πί.
1009 695 1185 732 Mueller.
1218 709 1256 745 p.
1291 699 1390 734 435:
1441 699 1585 745 „semel

111 763 248 806 elaui“.
286 784 341 790 —
387 765 478 801 569.
510 763 564 802 Ut
594 760 743 809 eluere,
783 765 838 800 ita
869 760 1022 812 eoezmyi
1050 763 1241 800 translate
1273 764 1319 801 de
1351 766 1466 803 rebus
1498 767 1583 802 aliis

112 835 260 880 dicitur,
292 833 447 883 proprie
478 832 526 868 de
558 831 749 869 sordibus.
819 831 959 869 Sordes
995 831 1058 868 vel
1097 832 1262 869 lavando
1300 835 1461 882 purgari
1492 847 1582 883 pos-

35 924 38 927 ·
111 907 198 942 sunt
225 901 286 939 vel
317 901 403 938 oleo
435 903 474 936 et
502 901 722 948 unguentis,
764 913 928 949 quorum
960 899 1058 936 illud
1088 901 1127 936 in
1158 902 1268 947 mari,
1307 901 1378 938 hoc
1409 903 1449 938 in
1478 906 1585 939 terra

111 971 190 1010 fieri
226 973 367 1020 potest.
437 967 731 1017 Unguentorum
773 969 873 1005 enim
904 971 944 1006 in
977 981 1070 1005 cena
1110 969 1261 1018 aliaque
1300 969 1455 1006 luxuria
1493 983 1584 1007 usus

111 1043 202 1086 erat,
244 1043 282 1075 et
310 1037 683 1086 pretiosissimorum
715 1036 892 1085 quidem,
940 1037 1081 1086 quibus
1113 1037 1178 1086 qui
1209 1037 1342 1074 multis
1372 1038 1586 1075 utebantur

110 1107 218 1146 facile
246 1118 327 1143 rem
357 1104 523 1154 perdere
553 1108 755 1154 poterant,
804 1105 850 1141 cf.
883 1105 989 1141 Trin.
1023 1107 1123 1142 407:
1175 1105 1302 1152 „Quid
1341 1106 1484 1143 factum
1525 1112 1586 1144 est

112 1173 183 1213 eo?
242 1173 312 1211 TS.
354 1172 591 1219 Comessum,
633 1176 829 1222 expotum‚
870 1179 1089 1219 exunctum,
1132 1174 1279 1210 elutum
1310 1176 1349 1211 in
1379 1175 1584 1212 balineis“.

111 1243 260 1282 Tmeul.
293 1243 390 1280 309:
435 1240 539 1286 „Uos
569 1254 652 1278 eam
684 1242 843 1287 exesus,
876 1243 1159 1290 exunguimini,
1192 1242 1388 1280 ebibitis‘·.
1449 1243 1585 1292 Itaque

110 1311 147 1350 h.
175 1311 201 1348 l.
236 1309 399 1358 „Utrum
430 1307 623 1346 lavand0“
658 1310 788 1358 inquit
822 1322 896 1355 „an
927 1310 1109 1358 ungendo
1140 1312 1270 1348 omnia
1301 1313 1467 1358 amittas,
1507 1325 1585 1349 non

110 1376 239 1418 curo“.
271 1397 320 1403 —
361 1377 471 1414 Varr.
505 1378 550 1415 L.
581 1378 626 1415 L.
658 1377 743 1425 VII,
776 1379 846 1415 91:
894 1375 1071 1425 „ciccum
1111 1378 1290 1416 dicebant
1321 1378 1585 1417 membranam

109 1451 270 1494 tenuem,
296 1458 383 1496 quae
407 1449 468 1483 est
482 1447 582 1483 utin
598 1446 701 1482 malo
718 1445 866 1483 Punico
892 1446 1111 1493 discrimen,
1138 1460 1161 1483 a
1184 1460 1260 1496 quo
1287 1448 1404 1484 etiam
1421 1447 1585 1485 Plautus

110 1515 213 1562 dicit,
244 1515 348 1565 quod
378 1514 464 1551 vult
494 1513 695 1551 elenchum
725 1514 773 1561 (e.
805 1527 837 1552 e.
870 1515 976 1564 quod
1007 1515 1221 1552 examinari
1245 1510 1398 1563 debet):
1441 1516 1584 1552 ciccum

40 1591 46 1595 “
109 1595 184 1622 non
207 1580 428 1621 interduo“.
489 1582 566 1620 Sed
594 1579 824 1620 interduz‘m
855 1583 1102 1621 scribendum
1135 1596 1218 1620 cum
1250 1582 1493 1630 Camerario,
1536 1584 1582 1621 cf.

110 1646 287 1700 sd'capt.
312 1651 403 1688 688.
429 1669 485 1675 —-
517 1652 608 1688 571.
641 1651 820 1688 Priorem
850 1664 984 1689 versus
1014 1655 1166 1702 partem
1196 1650 1313 1688 affert
1343 1650 1541 1688 Charisius
1566 1650 1584 1687 I

110 1733 146 1770 p.
176 1720 238 1766 98,
270 1723 395 1757 totum
427 1718 614 1757 Priscian.
636 1719 689 1755 VI
712 1733 750 1769 p.
771 1720 848 1757 699
883 1715 993 1768 („uel
1024 1721 1140 1756 etiam
1172 1718 1356 1767 aegrota“
1392 1714 1582 1768 scribens)

110 1792 268 1838 propter
297 1787 460 1825 formam
492 1784 600 1837 alyu,
633 1800 716 1836 quae
749 1792 808 1825 est
840 1789 955 1824 etiam
987 1788 1104 1825 Most.
1141 1789 1231 1825 188.
1264 1808 1319 1812 —
1351 1789 1442 1825 572.
1475 1783 1584 1826 Bar-

110 1852 258 1902 barum,
295 1870 371 1894 non
403 1869 451 1893 ex
480 1869 662 1906 germana
699 1855 871 1902 Graecia,
918 1861 963 1893 ut
1001 1856 1144 1905 legitur
1181 1856 1283 1892 infra
1315 1857 1409 1894 727.
1449 1875 1504 1880 —
1542 1854 1586 1893 in

111 1920 222 1963 aedis
252 1938 304 1962 sc.
334 1924 596 1971 introducere,
629 1925 674 1960 cf.
708 1924 757 1960 ad
788 1923 906 1961 Most.
940 1925 1032 1962 860.
1064 1944 1119 1948 —
1152 1924 1221 1960 His
1254 1924 1367 1961 dictis
1399 1925 1492 1961 abit.

219 1993 310 2030 573.
351 1988 522 2032 Uenulis
552 1989 784 2039 ductitauit,
811 2005 943 2030 servos
968 1991 1161 2037 vendidit,
1195 2004 1334 2039 mango
1363 1992 1449 2038 fuit,
1482 1991 1585 2041 quod

114 2059 357 2098 durissimum
387 2060 587 2098 hominum
618 2073 738 2109 genus
770 2065 840 2097 est.
873 2080 927 2085 —
961 2061 1051 2097 575.
1084 2056 1307 2108 crapulam,
1340 2060 1387 2096 cf.
1417 2060 1507 2097 360.
1531 2079 1586 2084 —

114 2129 201 2166 576.
232 2138 352 2178 quam
373 2126 536 2178 potami,
569 2142 681 2178 quam
714 2129 888 2178 potando
918 2129 1084 2178 suscepi.
1113 2148 1166 2153 —-
1197 2124 1426 2165 sententiae
1456 2127 1585 2173 Both„

111 2199 154 2234 ut
179 2198 246 2235 sit:
291 2201 435 2247 praeter
473 2209 586 2246 quam
628 2199 757 2233 animo
794 2196 921 2233 libuit.
997 2195 1055 2232 Fl.
1093 2192 1377 2243 „sententiam“
1413 2197 1585 2232 retinens

110 2263 225 2302 verba
258 2278 396 2315 „quam
427 2262 579 2301 lubuit“
616 2264 745 2301 delere
777 2268 933 2301 coactus
963 2264 1090 2301 locum
1113 2263 1294 2300 licentius
1318 2264 1584 2312 interpolavit.

110 2348 164 2358 --·
206 2334 296 2370 577.
347 2327 469 2370 Uinis
514 2328 687 2370 Graecis
723 2342 852 2378 mare,
900 2333 923 2368 i.
957 2345 989 2368 e.
1023 2344 1125 2380 aqua
1169 2332 1330 2377 marina,
1382 2331 1585 2369 admisceri

112 2399 273 2449 nolebat,
311 2414 347 2438 v.
378 2400 481 2438 Plut.
514 2400 657 2446 Quaest.
690 2404 816 2437 natur.
856 2402 915 2437 10.
970 2399 1109 2437 Athen.
1142 2400 1159 2436 I
1189 2413 1228 2449 p.
1262 2400 1312 2454 26
1345 2400 1382 2447 b,
1420 2401 1586 2436 maxime

113 2465 216 2515 Chio,
246 2483 282 2506 v.
315 2469 408 2507 Hor.
441 2468 520 2507 Sat.
553 2468 610 2515 II,
644 2470 687 2515 8,
724 2470 792 2514 15,
825 2473 863 2505 et
893 2467 990 2514 C00‚
1023 2481 1058 2505 v.
1092 2467 1192 2505 Plin.
1225 2467 1271 2505 H.
1303 2466 1350 2504 N.
1383 2467 1486 2514 XIV,
1520 2467 1584 2504 78.

133 2641 171 2688 ³)
200 2643 321 2680 Lectis
348 2646 409 2689 iis,
443 2657 525 2690 quae
551 2646 597 2680 de
623 2646 656 2680 h.
684 2658 713 2679 v.
742 2645 944 2680 Buecheler
976 2645 1143 2690 disputat
1166 2646 1260 2680 Mus.
1286 2646 1402 2681 Rhen.
1430 2645 1586 2680 XXXIX

198 2712 230 2745 p.
255 2703 322 2736 422
347 2713 415 2746 sq.‚
440 2714 515 2736 non
540 2703 658 2737 habeo
685 2703 783 2746 quod
810 2709 958 2736 mutem.
1007 2703 1051 2737 Id
1077 2707 1219 2738 tantum
1245 2703 1402 2745 notabo,
1437 2714 1479 2736 ea
1504 2713 1586 2746 quae

199 2757 242 2792 de
266 2758 346 2792 Aul.
371 2760 436 2794 293
460 2759 744 2804 Francogallum
774 2759 897 2793 nescio
925 2770 1030 2802 quem
1056 2760 1359 2794 animadvertisse
1392 2760 1502 2801 dicit,
1533 2759 1586 2792 in-

199 2815 315 2849 veniri
339 2815 376 2850 iu
401 2816 539 2850 nostris
564 2816 758 2850 Addendis
784 2816 830 2849 ad
857 2815 925 2849 vol.
951 2815 994 2849 11.

1253 2884 1317 2926 31*
