2009 3218
350 200 431 239 456
1026 194 1149 228 Persa.

307 340 314 349 ·
349 325 483 375 priora
520 337 596 362 non
636 326 681 360 ut
709 323 981 373 superioribus
1012 322 1228 360 editoribus
1260 322 1406 368 Toxili,
1451 321 1519 360 sed
1550 321 1830 372 Sagaristionis

349 392 556 437 videntur,
603 390 683 428 haec
713 393 842 428 autem
873 390 1019 437 Toxili,
1066 391 1134 440 qui
1164 403 1303 439 quum,
1350 390 1382 427 si
1422 389 1510 426 leno
1552 389 1691 439 dignus
1730 393 1831 427 esset

352 460 417 509 qui
450 458 701 503 illuderetur,
744 458 790 495 de
828 472 904 508 quo
944 471 1020 495 non
1060 457 1284 503 dubitabat,
1331 470 1372 494 se
1404 469 1479 493 non
1509 458 1654 494 morari
1684 457 1831 507 signifi-

352 531 476 574 caret,
521 526 786 563 Lemniselene
826 539 866 563 se
897 526 1054 575 quidem
1085 539 1163 563 non
1195 525 1330 562 decere
1363 525 1418 562 ait
1447 524 1526 562 tale
1557 525 1653 574 quid
1683 525 1829 573 facere3

352 607 436 644 quae
467 594 725 633 contradictio
757 593 936 632 Toxilum
966 598 1079 631 tanto
1111 595 1232 642 magis
1263 596 1478 642 exasperat.
1552 591 1664 639 Ideo,
1704 593 1835 642 inquit

351 663 512 709 ironice,
545 664 580 699 ei
609 662 729 711 faves,
761 663 852 711 quia
882 675 942 699 me
974 657 1276 705 inconciliam't,
1309 661 1333 697 i.
1367 673 1398 697 e.
1432 661 1471 696 in
1502 661 1702 709 angustias
1732 673 1833 698 com-

351 730 477 780 pulit,
523 742 559 767 v.
591 729 640 766 ad
670 729 809 768 Bacch.
844 731 941 776 549,
988 742 1106 779 quum
1145 733 1183 764 te
1224 740 1401 765 emerem.
1475 727 1612 777 Itaque
1651 731 1720 765 aut
1748 741 1834 766 cum

352 797 498 834 Weisio
533 793 658 844 „n0n“
692 796 899 835 delendum
930 802 1006 843 est,
1040 801 1126 843 aut,
1159 797 1189 832 si
1222 796 1308 844 quis
1339 795 1409 832 hoc
1440 795 1605 842 mavult,
1656 793 1762 843 ,‚Eo“
1797 801 1836 833 et

357 863 514 915 „quia“.
574 875 693 915 quom
723 874 830 912 e‘mo,
875 880 910 903 v.
944 865 993 902 ad
1024 864 1162 913 Amph.
1198 864 1290 900 661.
1331 883 1385 889 ——
1425 864 1516 901 831.
1557 863 1718 901 Toxilus
1749 877 1835 901 eam

352 937 463 970 vetat
507 933 582 971 sibi
628 937 763 971 contra
808 933 947 971 dicere.
1031 932 1174 970 Versus
1220 944 1335 968 causa
1379 930 1424 969 R.
1477 931 1588 978 „Non
1634 930 1831 969 attamen“

352 1003 531 1051 scripsit,
571 1002 639 1039 sed
676 998 808 1049 „N0n“
851 1003 905 1038 sic
944 1014 1021 1038 non
1053 999 1265 1038 dicebatur.
1337 999 1595 1037 scribendum
1633 1003 1701 1037 aut
1731 997 1838 1038 Noli

355 1073 423 1107 aut
465 1067 628 1117 ,‚Nolo“.
675 1088 730 1093 —
777 1070 869 1107 832.
915 1069 1009 1106 Post
1051 1065 1158 1106 (licto
1203 1067 1353 1114 hiatur,
1399 1069 1473 1105 nisi
1518 1081 1603 1105 cum
1640 1067 1687 1106 R.
1729 1081 1837 1116 „esse

354 1134 601 1175 audientem“
648 1137 807 1175 scribas.
855 1157 909 1162 —
953 1132 1125 1186 absque,
1174 1149 1208 1173 v.
1250 1137 1298 1173 ad
1328 1135 1467 1173 Bacch.
1499 1137 1594 1173 409.
1640 1155 1695 1161 -
1742 1137 1836 1175 833.

354 1202 509 1254 faceret
538 1219 611 1254 pro
640 1206 799 1243 fecisset
828 1205 891 1242 vel
920 1205 1096 1242 facturus
1128 1209 1221 1251 erat,
1253 1217 1288 1240 V.
1323 1203 1370 1241 ad
1402 1203 1513 1253 capt.
1542 1205 1634 1242 532.
1660 1223 1717 1230 —
1735 1214 1838 1253 pro-

354 1269 552 1311 stibulum
581 1274 740 1322 scripsi,
781 1274 1004 1323 superiores
1039 1270 1369 1323 ‚.prostibulam“;
1413 1271 1458 1309 R.
1492 1285 1578 1308 cum
1609 1271 1639 1308 B
1673 1274 1839 1322 „prosti-

356 1339 513 1388 bilem“‚
547 1354 663 1391 quam
693 1341 855 1378 formam
886 1354 934 1378 ne
966 1342 1052 1391 quis
1077 1340 1194 1378 Stich.
1215 1341 1293 1378 763
1325 1341 1431 1377 tueri
1456 1343 1581 1390 putet,
1614 1340 1680 1376 ille
1703 1352 1839 1378 versus

355 1411 493 1447 misere
524 1413 732 1459 corruptus
765 1412 841 1456 est,
882 1423 904 1446 a
934 1409 1148 1458 prostando
1189 1412 1318 1446 autem
1356 1401 1575 1445 necessario
1612 1408 1840 1457 prestabilis

355 1477 601 1516 formandum
634 1480 731 1515 erat.
764 1497 818 1502 —-
840 1475 1083 1526 propediem
1114 1477 1174 1514 ed.
1205 1490 1264 1526 pr.
1308 1495 1360 1501 -—
1404 1476 1494 1513 836.
1543 1471 1607 1513 Ni
1637 1472 1674 1513 ei
1704 1471 1842 1523 offecit
1903 1472 1907 1475 ’

356 1545 553 1602 Weisius,
585 1558 704 1595 quum
735 1545 900 1583 Pistoris
943 1545 1017 1592 „Ni
1047 1545 1106 1582 illi
1137 1542 1224 1581 off.“
1259 1545 1483 1582 invenisset.
1544 1542 1730 1582 Condicio
1761 1546 1839 1582 iam

357 1613 474 1650 semel
511 1627 547 1651 v.
582 1614 661 1651 834
700 1614 829 1663 posita
865 1615 1058 1664 repetitur
1097 1617 1142 1650 ut
1180 1625 1282 1663 saepe
1327 1613 1429 1663 apud
1468 1612 1670 1659 Plautum,
1716 1627 1751 1651 v.
1793 1612 1857 1650 ad.

357 1681 474 1731 Epid.
506 1683 595 1719 170.
629 1681 677 1719 cf.
703 1682 786 1719 Mil.
813 1683 905 1720 513.
939 1681 1059 1719 Stich.
1086 1682 1179 1719 465.
1213 1681 1319 1718 Trin.
1348 1681 1440 1718 838.
1501 1679 1588 1718 Non
1619 1684 1677 1717 est
1707 1681 1841 1730 igitur,

358 1750 461 1800 quod
508 1763 591 1787 cum
630 1750 674 1788 R.
715 1750 817 1787 hunc
861 1763 1015 1787 versum
1055 1749 1299 1787 antecedenti
1341 1741 1637 1798 anteponamus.
1669 1768 1724 1773 --
1762 1749 1841 1786 838

359 1819 403 1856 R.
435 1832 520 1856 cum
553 1819 731 1857 Acidalio
762 1820 892 1856 versui
925 1819 1005 1856 834
1038 1819 1273 1868 anteposuit,
1306 1830 1384 1854 non
1414 1818 1645 1855 necessario.

473 1888 551 1925 839
584 1900 666 1937 sqq.
700 1887 850 1924 numeri
881 1888 1003 1935 magis
1034 1887 1153 1933 varii3
1185 1886 1355 1934 primum
1385 1886 1587 1934 anapaesti,
1619 1888 1658 1922 et
1687 1884 1844 1934 quidem

361 1955 553 1993 839—44
585 1956 777 1993 octonarii
809 1967 894 1992 cum
926 1955 1118 2001 clausula;
1158 1958 1240 1991 tum
1273 1956 1440 2001 systema
1469 1953 1720 2000 trochaicum,
1765 1953 1842 1991 845

360 2024 605 2069 octonarius,
660 2023 738 2061 846
785 2023 979 2069 senarius,
1031 2023 1110 2060 847
1157 2021 1397 2066 octonarius,
1463 2021 1541 2058 848
1586 2022 1843 2071 septenarius,

360 2092 438 2129 849
470 2092 656 2129 iambicus
689 2091 934 2139 octonarius,
968 2091 1160 2128 851—52
1193 2089 1382 2127 trochaici
1412 2089 1639 2138 septenarii.

474 2161 566 2197 839.
599 2159 739 2197 Primae
769 2161 874 2197 vocis
904 2160 1142 2208 principium
1174 2159 1319 2195 iniuria
1351 2158 1598 2207 absumptum
1632 2156 1843 2194 Lambinus

361 2229 535 2265 restituit
567 2225 801 2276 „graphice“
837 2226 1021 2273 scribens,
1047 2223 1318 2276 peryraphice
1347 2225 1492 2275 Speng.
1517 2224 1843 2263 Reformvorschl.

359 2309 397 2345 p.
432 2296 529 2341 392,
577 2296 623 2333 cf.
657 2296 763 2333 Trin.
801 2296 918 2333 1139.
979 2294 1105 2333 Cam.:
1157 2295 1256 2341 „Pro
1294 2290 1422 2331 hisce“
1464 2293 1686 2344 scripserat.
1760 2293 1846 2330 Non

361 2360 448 2401 loco
466 2363 605 2410 solum,
631 2363 698 2401 sed
716 2364 831 2401 etiam
849 2359 992 2401 sedulo
1015 2363 1191 2400 ultimam
1217 2363 1392 2412 corripit.
1416 2381 1471 2386 —
1497 2362 1590 2399 840.
1624 2358 1734 2411 quod
1755 2359 1844 2398 Ald.

361 2451 416 2456 —
438 2428 557 2469 Heus
587 2431 640 2469 id.
665 2451 720 2456 —
746 2432 838 2469 841.
872 2430 934 2469 est
965 2426 1182 2469 Dordalus
1214 2430 1390 2468 Mueller.
1422 2443 1460 2479 p.
1488 2430 1582 2467 410.
1611 2448 1659 2454 —
1695 2425 1846 2467 liberas

361 2500 539 2537 ultimam
571 2501 744 2549 corripit.
786 2520 840 2525 ——-
881 2500 974 2538 842.
1021 2495 1132 2548 Quae
1169 2495 1264 2537 haec
1293 2508 1360 2536 res
1391 2494 1478 2536 est?
1517 2497 1668 2535 Ritsch.
1702 2496 1844 2547 Opusc.

361 2568 417 2605 III
442 2580 478 2617 p.
502 2569 598 2606 129:
637 2567 766 2614 „Quae
797 2565 889 2605 res‘?
921 2569 957 2605 ei
987 2566 1062 2605 ei“.
1115 2567 1263 2604 Deinde
1288 2567 1390 2604 idem
1419 2565 1650 2616 „colaphum
1677 2566 1729 2602 mi
1751 2562 1843 2602 icit“

362 2636 448 2674 coll.
483 2635 571 2673 Ter.
590 2636 662 2674 Ad.
686 2637 782 2675 199:
819 2635 1027 2686 „colaphos
1052 2636 1213 2683 infregit
1237 2633 1369 2671 mihi‘⁴.
1424 2633 1539 2671 Prius
1564 2646 1650 2671 cum
1668 2632 1847 2671 Acidalio

361 2701 533 2753 colapho
572 2714 634 2742 me
666 2706 888 2754 scripserat.
932 2723 980 2730 —
1030 2705 1122 2741 843.
1174 2700 1404 2753 „peruellit“
1438 2714 1601 2751 pravum
1633 2705 1713 2748 est3
1758 2713 1846 2738 nam
1910 2736 1918 2747 ,

362 2775 480 2811 etiam
511 2774 542 2810 si
574 2785 708 2810 verum
746 2776 858 2827 esset,
904 2771 1007 2820 apud
1046 2771 1300 2808 Athenienses
1338 2770 1540 2808 adulteros
1579 2769 1842 2820 deprehensos
