2009 3218
364 188 443 227 318
1036 183 1154 218 Plauti
1531 182 1592 226 IV,
1617 184 1647 222 2,
1676 183 1849 234 ¹46.-¹55

945 307 975 350 C
986 308 1014 349 h
1028 322 1052 349 a
1065 323 1086 349 r
1096 310 1162 349 mi
1177 308 1203 349 d
1215 322 1235 349 e
1248 322 1266 350 s
1655 363 1662 371 .

365 424 477 464 Abin
509 422 607 463 hinc
638 422 692 464 ab
725 422 892 463 oculis?
1578 363 1848 416 IpSlssumUS'

936 498 1282 554 Sycophanta

963 572 1193 612 Enimuero
1227 584 1322 612 sero
1355 571 1557 624 quoniam
1589 570 1779 617 aduenis,

367 643 600 698 Uapulabis
635 657 728 685 meo
760 643 975 684 arbitratu
1007 650 1049 683 et
1080 655 1292 683 nouorum
1324 641 1541 683 aedilium.
1785 652 1852 686 990
1921 646 1926 648 ’

950 723 1267 766 Charmides

367 787 420 825 At
452 784 582 825 etiam
613 782 861 824 maledicis?

935 852 1285 906 Sycophanta

886 924 1035 975 Immo,
1070 923 1217 965 saluos
1250 924 1423 977 quando
1457 911 1630 977 quidem
1661 922 1851 973 aduenis,

368 999 418 1039 Di
451 1012 515 1039 me
546 998 743 1052 perdant,
776 997 811 1038 si
843 1000 885 1037 te
916 994 1042 1037 flocci
1072 995 1183 1037 facio
1217 1009 1269 1036 an
1302 996 1504 1048 periisses
1534 994 1666 1048 prius.

366 1070 455 1123 Ego
491 1070 544 1111 ob
577 1069 687 1110 hanc
712 1081 889 1122 operam
914 1071 1139 1119 argentum
1170 1068 1338 1121 accepi3
1369 1071 1412 1108 te
1439 1071 1580 1107 macto
1604 1064 1851 1107 infortunio.

366 1141 563 1183 Ceterum
597 1141 670 1194 qui
702 1141 772 1190 sis,
806 1140 880 1193 qui
911 1152 995 1180 non
1028 1140 1099 1189 sis,
1130 1137 1312 1180 floccum
1341 1152 1426 1180 non
1458 1136 1704 1178 interduim.

366 1213 454 1263 Ibo,
488 1213 543 1254 ad
574 1212 692 1253 illum
724 1210 995 1255 renuntiabo,
1028 1212 1102 1264 qui
1134 1211 1237 1251 mihi
1268 1210 1347 1251 tris
1378 1221 1575 1250 nummos
1609 1207 1740 1257 dedit,
1787 1218 1852 1252 995

370 1284 424 1325 Ut
457 1284 568 1325 sciat
597 1297 641 1325 se
673 1283 928 1336 perdidisse.
991 1281 1081 1335 Ego
1114 1281 1245 1333 abeo3
1275 1281 1387 1322 male
1418 1282 1517 1322 uiue
1549 1286 1591 1321 et
1621 1279 1740 1330 uale;

367 1355 447 1405 Qui
478 1360 520 1397 te
554 1355 596 1396 di
628 1369 774 1397 omnes
807 1354 1109 1395 aduenientem
1143 1367 1321 1406 peregre
1353 1352 1551 1406 perdant,
1587 1349 1850 1392 Charmides.

1021 1602 1206 1645 SENEX
1776 1599 1852 1641 DU

366 1722 605 1775 Postquam
636 1721 709 1763 ille
741 1721 841 1763 hinc
872 1721 991 1770 abiit,
1023 1725 1124 1774 post
1154 1718 1357 1773 loquendi
1387 1718 1523 1760 libere

368 1793 547 1834 L'idetur
577 1800 746 1847 tempus
778 1794 950 1834 uenisse
983 1798 1113 1846 atque
1146 1792 1326 1832 occasio.

366 1866 455 1906 Iam
489 1865 650 1906 dudum
682 1879 820 1906 meum
853 1864 926 1906 ille
958 1870 1107 1918 pectus
1142 1864 1293 1917 pungit
1323 1863 1512 1910 aculeus,
1770 1870 1856 1904 1000

368 1936 478 1986 Quid
511 1936 574 1977 illi
604 1938 747 1988 negoti
778 1936 912 1977 fuerit
941 1941 1042 1977 ante
1075 1935 1196 1976 aedis
1227 1948 1358 1976 meas.

366 2008 475 2049 Nam
509 2008 697 2062 epistula
727 2008 803 2049 illa
834 2008 936 2049 mihi
970 2007 1272 2048 concenturiat
1303 2012 1464 2047 metum

368 2081 413 2121 In
447 2080 576 2121 corde
608 2086 651 2121 et
682 2080 787 2121 illud
821 2080 935 2122 mille
966 2093 1201 2131 nummum,
1234 2091 1361 2132 quam
1394 2091 1482 2118 rem
1515 2082 1626 2130 agat.

368 2153 610 2206 Numquam
642 2152 793 2205 edepol
829 2158 988 2192 temere
1020 2152 1150 2192 tinnit
1181 2148 1542 2199 tintinnabulum3

367 2225 457 2265 Nisi
490 2225 561 2277 qui
593 2223 698 2264 illud
732 2229 892 2264 tractat
923 2230 999 2264 aut
1031 2227 1190 2266 mouet,
1224 2226 1441 2270 mutumst,
1475 2224 1604 2261 tacet.
1770 2228 1855 2263 1005

370 2296 454 2337 Sed
486 2295 580 2348 quis
614 2294 680 2335 hic
713 2299 788 2349 est,
823 2296 896 2348 qui
927 2294 1010 2335 huc
1042 2295 1084 2335 in
1117 2293 1305 2347 plateam
1339 2304 1559 2332 cursuram
1590 2289 1772 2344 incipit?

372 2367 511 2408 Lubet
543 2367 774 2407 obseruare
808 2366 911 2419 quid
944 2371 1066 2420 agat3
1099 2365 1184 2406 huc
1215 2377 1480 2405 concessero.

482 2525 547 2558 989
575 2523 719 2557 Abhinc
799 2524 894 2557 serio
971 2524 1038 2557 990
1063 2522 1237 2566 Uapulais
1266 2520 1301 2563 G,
1327 2520 1477 2564 Uapulis
1503 2518 1537 2552 B
1613 2520 1678 2553 992
1703 2517 1855 2563 periisse

370 2583 435 2615 993
462 2582 580 2623 accep*
596 2585 737 2613 emacto
765 2580 978 2623 inportunio
1049 2581 1115 2613 994
1138 2569 1209 2612 Sed
1230 2589 1331 2611 erum
1402 2578 1585 2610 interdum
1657 2576 1723 2609 995
1740 2573 1799 2608 Ibi
1820 2573 1858 2608 id

370 2639 436 2671 996
462 2637 532 2670 siat
557 2636 591 2670 B
672 2637 738 2671 997
763 2636 841 2678 Quo
868 2637 943 2670 dite
1029 2637 1115 2669 1000
1139 2633 1357 2669 Landudum
1384 2632 1418 2666 B
1499 2633 1584 2666 1002
1610 2633 1858 2666 contenturiat

372 2699 495 2727 metufi
520 2693 555 2727 B
649 2694 731 2726 1004
759 2692 962 2736 Numquem
1056 2696 1214 2726 temeret
1238 2690 1371 2724 innitin
1400 2689 1626 2723 nabubulum
1652 2687 1697 2727 Β,
1723 2691 1858 2722 temere

371 2750 660 2785 tintinnabulum
680 2748 716 2783 C,
778 2750 862 2782 1005
884 2755 1006 2782 mutus
1081 2750 1165 2782 1007
1180 2757 1397 2782 concessero
1414 2746 1592 2779 Stasimus
1606 2743 1810 2779 charmides
1823 2740 1858 2777 B
