2009 3218
361 221 443 261 430
1041 214 1161 250 Persa.

360 347 490 385 biliter
521 347 740 396 supplevit:
788 340 873 383 SO.
904 341 962 383 At
991 344 1035 382 ΐιι
1066 341 1132 382 dic
1156 342 1288 393 prius.
1322 363 1376 369 -
1415 344 1506 380 241.
1547 343 1650 380 Ante
1679 340 1839 382 homini

359 417 509 461 hiatur,
542 428 578 451 v.
603 414 758 461 Proleg.
782 427 820 463 p.
847 414 947 460 2213
985 413 1198 450 Muellerus
1233 410 1354 461 „hoc“
1388 411 1510 449 addit.
1543 431 1596 436 --
1627 412 1719 449 242.
1759 409 1839 450 8Ζο-

361 482 581 531 querentur
610 480 744 518 Muell.
763 479 920 517 Nachtr.
940 493 976 529 p.
998 482 1033 518 3.
1058 500 1112 505 --
1144 481 1236 518 243.
1270 474 1459 527 leuifidae
1488 479 1548 516 ed.
1566 492 1626 528 pr.
1657 499 1712 504 —
1743 480 1837 518 244.

363 545 590 598 „Tesppuloe‘
633 550 689 586 ait
724 548 829 585 Fest.
870 547 978 597 Epit.
1018 561 1054 597 p.
1090 550 1168 585 366
1212 547 1416 595 „bestiolae
1455 560 1576 596 genus
1616 560 1683 584 sex
1718 548 1838 597 pedes

359 618 549 665 habentis,
574 617 644 654 sed
663 620 784 654 tantae
809 616 986 653 levitatis
1010 619 1054 653 ut
1078 629 1196 665 super
1221 629 1361 664 aquam
1377 628 1536 652 currens
1552 627 1628 652 non
1645 613 1837 654 desidat“.

359 686 508 724 Deinde
546 685 609 722 hic
645 697 781 722 versus
820 684 992 721 affertur.
1067 683 1214 720 Nonius
1251 697 1289 733 p.
1326 684 1421 721 180:
1473 682 1664 732 „Tippula
1695 684 1839 721 animal

359 755 616 800 levissimum,
663 752 768 802 quod
809 765 928 801 aquas
967 764 1043 788 non
1087 751 1237 797 nando,
1283 751 1350 788 sed
1395 750 1610 798 gradiendo
1653 755 1837 790 transeat.

359 823 482 860 Varro
514 821 711 859 Vimarco:
757 819 812 858 Ut
847 820 945 857 levis
983 819 1139 868 tippula
1177 819 1311 856 limfon
1352 819 1516 866 frigidos
1546 820 1690 857 transit
1719 820 1836 858 lacus.

358 890 543 927 Plautus:
589 890 717 927 leuior
756 901 796 926 es
834 901 949 937 quam
989 883 1184 936 tippula“.
1252 886 1310 923 Ex
1341 886 1529 924 Varronis
1559 887 1645 925 loco
1676 888 1838 927 Vahlen.

360 955 492 1006 (Varr.
524 957 603 995 Sat.
637 957 740 994 Men.
773 969 811 1005 p.
849 953 943 1002 136)
974 954 1242 1005 paenultimam
1272 955 1428 1002 longam
1460 967 1543 992 esse
1573 955 1708 1003 efficit3
1749 955 1838 994 Sca-

357 1027 464 1076 liger.
493 1025 603 1063 Both.
640 1021 897 1075 „tippullam“
932 1025 1264 1073 scripserunt.·—
1292 1018 1399 1071 fides
1428 1018 1604 1061 lenonia.
1660 1023 1839 1063 Genetivi

359 1107 480 1142 casus,
514 1106 630 1143 quem
662 1093 870 1142 requirunt
900 1091 1103 1128 Dacierius
1135 1094 1173 1128 et
1202 1090 1437 1128 Ritschelius
1467 1094 1513 1128 ut
1545 1092 1837 1139 accuratiorem,

358 1163 423 1200 vix
454 1162 694 1199 necessarius
725 1163 793 1198 est.
826 1180 880 1185 -
912 1159 1004 1197 246.
1040 1156 1188 1197 Tecum
1216 1153 1369 1204 habeto,
1412 1159 1492 1195 noli
1522 1158 1637 1196 alteri
1667 1173 1838 1208 narrare,

359 1230 405 1267 cf.
439 1229 516 1267 Cic.
549 1229 656 1267 Fam.
689 1228 783 1276 VII,
818 1230 887 1274 25,
923 1229 959 1265 2.
1000 1247 1051 1252 --
1093 1227 1187 1264 248.
1228 1228 1329 1263 Ante
1359 1223 1464 1264 hanc
1501 1227 1650 1274 hiatus;
1691 1227 1736 1265 R.
1768 1228 1840 1266 hoc

357 1285 572 1348 pronomen
611 1300 702 1347 post
744 1293 900 1344 „eram“
940 1296 1091 1345 posuit3
1143 1294 1323 1344 Spengel.
1355 1295 1486 1332 Plaut.
1523 1308 1561 1344 p.
1596 1297 1676 1333 222
1714 1298 1839 1346 suspi-

359 1370 469 1404 catur
509 1366 672 1403 alteram
710 1365 877 1403 nominis
915 1363 1193 1401 Lemniselenae
1239 1363 1427 1412 syllabam
1470 1363 1702 1413 productam
1741 1377 1838 1402 esse.

358 1430 693 1472 Lemniselenam
723 1434 885 1483 scripsi,
926 1433 973 1470 cf.
1010 1433 1100 1469 197.
1131 1451 1186 1457 --
1217 1426 1399 1478 abietem,
1439 1431 1621 1481 abiegnas
1661 1433 1837 1471 tabellas.

358 1502 499 1540 Videas
530 1515 685 1540 servum
717 1514 814 1548 esse,
848 1502 915 1551 qui
946 1514 993 1538 ex
1023 1500 1210 1538 vilissimo
1242 1499 1346 1548 ligno
1371 1499 1484 1536 factis
1507 1503 1643 1537 utatur
1668 1500 1836 1547 tabellis,

358 1584 447 1619 non,
477 1574 521 1608 ut
553 1571 823 1618 elegantiores,
866 1569 1013 1606 buxeis.
1046 1588 1101 1593 —
1141 1569 1234 1606 249.
1272 1563 1398 1606 quta
1429 1567 1569 1615 tecum,
1601 1581 1636 1606 v.
1669 1569 1719 1606 ad
1749 1568 1838 1606 Aul.

359 1640 452 1677 674.
484 1659 535 1663 —
576 1640 669 1676 250.
702 1635 804 1676 Nisi
832 1633 1030 1685 fortasse,
1064 1636 1141 1674 Cic.
1175 1635 1224 1672 ad
1255 1635 1365 1674 Brut.
1397 1635 1434 1682 I,
1471 1637 1534 1683 15,
1568 1637 1603 1673 3.
1658 1635 1757 1673 Gell.
1789 1635 1837 1683 X,

359 1708 395 1755 3,
432 1708 492 1744 18.
525 1726 579 1731 —
618 1702 678 1744 EC
706 1719 779 1756 pro
814 1702 915 1754 „At“
945 1705 1060 1742 Both.
1120 1703 1302 1742 Fortasse
1330 1704 1603 1750 omittendum,
1636 1707 1680 1741 ut
1709 1704 1838 1741 hiatus

358 1776 488 1825 potius
520 1776 559 1812 in
591 1787 739 1813 caesura
768 1775 820 1811 sit
851 1786 966 1823 quam
997 1775 1086 1822 post
1116 1768 1266 1811 abierO.
1334 1772 1378 1810 R.
1413 1771 1495 1811 ed.:
1539 1772 1637 1820 „SO.
1670 1772 1764 1809 Abi:
1800 1775 1839 1809 et

359 1857 429 1893 ego
461 1843 606 1881 abiero.
652 1842 767 1881 PAE.
798 1838 1007 1880 Ambula“.
1055 1840 1251 1878 Mueller.:
1290 1840 1387 1887 „SO.
1420 1840 1543 1878 Abeo.
1596 1840 1639 1877 P.
1671 1839 1768 1877 Abi:
1800 1842 1840 1877 et

358 1925 429 1962 ego
461 1908 633 1949 abiero“.

473 2118 564 2154 251.
605 2115 819 2163 Sagaristio
851 2118 986 2153 contra
1016 2129 1124 2166 spem
1155 2127 1312 2165 compos
1342 2115 1492 2164 argenti
1523 2114 1647 2151 factus
1677 2126 1763 2151 cum
1793 2124 1838 2150 eo

359 2185 407 2222 ad
439 2185 602 2222 amicum
633 2197 674 2220 se
705 2184 869 2221 confert.
937 2184 1059 2222 Scena
1089 2184 1208 2222 variis
1238 2183 1410 2221 numeris
1441 2183 1590 2232 scripta
1620 2196 1642 2219 a
1673 2181 1835 2228 creticis,

359 2256 402 2289 ut
433 2253 600 2299 videtur,
631 2252 820 2301 incipiens
850 2252 890 2288 in
920 2251 1067 2289 iambos
1098 2256 1135 2289 et
1164 2251 1355 2290 trochaeos
1386 2251 1482 2289 abit.
1550 2250 1722 2288 Primum
1753 2262 1836 2287 ver-

358 2333 442 2357 sum
482 2320 729 2357 Hermannus
767 2321 806 2357 in
845 2320 941 2358 duos
980 2320 1131 2368 divisit,
1173 2321 1383 2358 dimetrum
1421 2320 1605 2357 creticum
1643 2321 1682 2356 et
1717 2321 1837 2356 tetra-

358 2391 525 2425 metrum
555 2387 815 2436 bacchiacum,
851 2402 894 2426 ac
917 2389 973 2426 sic
997 2389 1277 2439 discripsissem
1303 2388 1467 2426 mallem.
1528 2387 1736 2438 Spengelio
1759 2386 1837 2424 Re-

358 2456 624 2494 formvorschl.
656 2470 693 2507 p.
730 2458 780 2494 68
812 2456 1033 2494 trochaicus
1071 2456 1278 2495 videbatur
1306 2470 1379 2507 pro
1411 2465 1602 2506 supremo
1636 2454 1830 2503 ,‚summ0“

360 2528 427 2562 aut
448 2521 639 2575 „supero“
661 2524 853 2562 scribenti.
915 2526 995 2563 252
1025 2528 1252 2563 tetrameter
1282 2524 1528 2572 bacchiacus,
1565 2524 1641 2561 253
1673 2525 1836 2574 propter

358 2593 533 2630 lacunam
579 2593 774 2639 incertus,
830 2595 1021 2632 254—55
1061 2593 1217 2631 iambici
1262 2593 1468 2640 octonarii,
1516 2592 1707 2630 256-58
1751 2593 1832 2628 tro-

359 2660 481 2698 chaici
506 2660 706 2708 octonarii,
743 2662 932 2699 259-61
959 2661 1149 2699 trochaici
1173 2661 1397 2712 septenarii,
1433 2662 1622 2699 262-63
1646 2659 1835 2698 trochaici

359 2729 560 2777 octonarii,
596 2730 787 2767 264—65
819 2729 1006 2767 trochaici
1044 2729 1274 2780 septenarii,
1323 2730 1514 2767 266-69
1546 2728 1699 2766 iambici
1729 2729 1832 2765 octo-

358 2797 470 2845 narii,
504 2798 582 2834 270
616 2797 801 2834 iambicus
833 2799 1090 2847 septenarius.
