2009 3218
183 193 252 240 Π,
280 195 315 239 8,
343 158 479 230 llssle
863 193 1026 231 Rudent.
1605 196 1684 237 173

790 319 1076 363 Trachalio

1075 390 1253 434 Censeo.

761 463 1110 516 Plesidippus

1308 535 1452 579 Etiam
1484 536 1685 590 patrem?

790 607 1074 649 Trachalio

185 663 365 708 Censeo.

761 735 1118 789 Plesidippus

448 807 552 851 Post
583 809 675 851 eius
706 807 920 850 matrem?

792 902 919 945 Trac
931 903 956 944 h
969 916 991 944 a
1005 902 1076 944 lio

981 974 1162 1017 Censeo.

762 1053 1112 1107 Plesidippus

1223 1125 1335 1176 Quid
1368 1126 1551 1182 postea?

183 1199 384 1242 Etiamne
416 1199 655 1242 adueniens
687 1198 940 1253 conplectar
971 1200 1064 1242 eius
1095 1201 1296 1253 patrem?

794 1293 1074 1341 Trachalio

1345 1350 1442 1393 Non
1474 1363 1644 1393 censeo.

680 1438 683 1440 ·
760 1422 1114 1475 Plesidippus

185 1480 312 1532 Quid,
344 1480 558 1523 matrem?
1029 1496 1032 1498 ·

796 1552 1075 1594 Trachalio

514 1622 611 1666 Non
643 1637 811 1666 censeo.

756 1713 1112 1768 Plesidippus

775 1786 901 1838 Quid,
933 1800 1111 1841 eampse
1142 1786 1291 1829 illam?

792 1881 825 1923 1
834 1895 889 1923 ro
901 1894 920 1923 o
930 1881 957 1922 Ῑι
966 1880 1042 1923 ali
1053 1894 1075 1922 o

1266 1952 1364 1996 Non
1396 1967 1564 1996 censeo.
1600 1965 1688 2000 1265

762 2024 855 2068 Ple
864 2026 908 2067 si
919 2026 948 2068 d
955 2025 1008 2078 ip
1014 2039 1044 2078 p
1055 2039 1083 2067 u
1092 2039 1114 2067 s

185 2098 312 2151 Perii,
343 2099 551 2142 dilectum
581 2097 746 2140 dimisit
757 2114 766 2151 ;
797 2111 913 2139 nune
943 2112 1028 2139 non
1061 2101 1225 2149 censet,
1256 2111 1387 2152 quom
1418 2097 1533 2140 uolo.

799 2189 865 2230 Tr
874 2202 898 2231 a
908 2189 964 2230 ch
973 2202 998 2231 a
1009 2189 1079 2231 lio

187 2261 328 2305 Sanus
358 2275 446 2304 non
477 2275 523 2304 es
533 2277 543 2315 3
575 2274 769 2315 sequere.

763 2351 825 2394 Pl
837 2365 858 2393 e
866 2351 915 2393 si
925 2352 954 2393 ol
962 2351 980 2393 i
980 2364 1014 2404 p
1014 2364 1050 2404 p
1061 2365 1089 2393 a
1099 2364 1122 2393 s
1260 2399 1265 2404 ¹

818 2423 912 2466 Duc
942 2437 1023 2475 me,
1054 2423 1113 2465 mi
1143 2427 1339 2478 patrone,
1370 2437 1456 2479 quo
1487 2423 1622 2475 lubet..

302 2562 391 2598 1263
414 2560 501 2606 Quit
526 2559 562 2596 Β
656 2560 744 2595 1265
768 2557 855 2602 Quit
877 2557 914 2593 B
1007 2558 1089 2603 quit
1113 2557 1149 2593 B
1244 2559 1330 2595 1266
1354 2560 1435 2605 peri
1457 2558 1487 2595 0
