2009 3218
344 218 418 256 148
1016 213 1135 248 Plauti
1548 213 1608 255 IV,
1635 216 1664 256 3,
1690 215 1823 249 25-,40

949 338 1228 380 Trachalio

341 412 397 454 Et
428 426 512 466 quo
545 414 673 465 pacto
705 410 847 464 periit.

987 481 1189 533 Gripus

909 553 965 594 At
996 566 1074 605 ego
1107 566 1192 605 quo
1224 555 1351 605 pacto
1382 552 1606 594 inuentust
1636 553 1744 600 sci0;

341 626 396 668 Et
427 626 500 680 qui
531 625 697 667 inuenit
726 624 941 666 hominem
964 624 1079 674 noui,
1113 628 1156 665 et
1180 623 1374 665 dominus
1398 625 1471 678 qui
1496 638 1608 666 nunc
1632 633 1697 666 est
1720 625 1822 666 scio.

339 697 484 739 Nihilo
517 696 587 751 pol
619 696 753 751 pluris
784 700 861 738 tua
890 696 972 737 hoc
1006 710 1135 749 quam
1168 695 1320 749 quanti
1351 695 1459 737 illud
1491 695 1625 738 refert
1655 709 1763 738 mea.

341 769 431 821 Ego
456 769 576 810 illum
602 768 702 810 noui
729 769 881 823 quoius
906 780 1019 809 nunc
1037 771 1122 819 est3
1153 771 1201 808 tu
1218 766 1340 808 illum
1358 767 1511 821 quoius
1530 767 1714 810 antehac
1731 767 1825 809 fuit.

342 840 465 882 Hunc
496 840 625 883 homo
655 839 766 882 feret
797 854 822 881 a
852 854 918 881 me
949 853 1086 890 nemo,
1117 853 1168 880 ne
1200 843 1248 880 tu
1279 842 1322 880 te
1354 853 1500 893 speres
1533 839 1662 893 potis.
1760 850 1826 885 955

941 929 1223 971 Trachalio

341 1001 438 1044 Non
469 1001 594 1053 ferat,
628 1002 664 1043 si
696 1002 893 1044 dominus
925 1001 1101 1044 ueniat?

990 1095 1190 1148 Gripus

1093 1167 1302 1210 Dominus
1333 1167 1446 1219 huic,
1477 1181 1530 1209 ne
1562 1166 1728 1208 frustra
1757 1167 1828 1220 sis,

344 1240 437 1282 Nisi
470 1254 547 1294 ego
579 1253 702 1282 nemo
734 1244 894 1291 natust,
925 1239 1040 1281 hunc
1073 1239 1145 1294 qui
1179 1240 1273 1294 cepi
1305 1240 1348 1280 in
1379 1243 1538 1282 uenatu
1571 1252 1678 1280 meo.

943 1330 1226 1372 Trachalio

348 1402 471 1444 Itane
502 1402 638 1444 uero?

994 1474 1188 1526 Gripus

697 1545 888 1600 Ecquem
919 1560 1013 1588 esse
1045 1546 1162 1587 dices
1192 1546 1235 1587 in
1269 1546 1376 1587 mari
1408 1545 1571 1599 piscem
1603 1545 1773 1587 meum?

345 1618 460 1668 Quos
486 1631 614 1672 quom
640 1618 778 1672 capio,
811 1619 846 1660 si
871 1618 1041 1671 quidem
1066 1620 1170 1672 cepi,
1205 1617 1286 1659 mei
1313 1621 1423 1666 sunt,
1456 1616 1595 1658 habeo
1615 1630 1690 1670 pro
1708 1616 1829 1658 meis.

344 1689 432 1731 Nec
456 1704 584 1731 manu
609 1689 869 1731 adseruntur
894 1704 1033 1744 neque
1057 1690 1176 1731 illinc
1194 1694 1362 1744 partem
1376 1690 1603 1742 quisquam
1623 1689 1842 1743 postulat..

344 1761 391 1802 In
424 1761 517 1803 foro
550 1761 690 1813 palam
724 1762 861 1804 omnis
894 1762 1035 1803 uendo
1068 1776 1145 1815 pro
1180 1762 1285 1803 meis
1317 1760 1559 1802 uenalibus.
1767 1770 1829 1805 961

346 1833 464 1874 Mare
497 1833 670 1887 quidem
704 1847 928 1875 commune
961 1838 1126 1875 certost
1159 1833 1370 1875 omnibus.

949 1928 1235 1970 Trachalio

1459 2000 1493 2040 A
1526 2003 1567 2040 te
1597 1999 1750 2040 sentio.

347 2071 427 2122 Qui
467 2071 604 2112 minus
641 2071 756 2113 hunc
795 2085 1064 2114 communem
1105 2085 1266 2126 quaeso
1308 2071 1411 2113 mihi
1443 2085 1536 2113 esse
1569 2073 1742 2124 oportet
1771 2069 1832 2111 ui·

1297 2143 1471 2185 dulum‘?

348 2215 394 2256 In
426 2215 535 2256 mari
566 2216 767 2257 inuentus
799 2216 1013 2257 communi
1048 2221 1125 2258 est.

989 2295 1189 2348 Gripus·

1151 2367 1214 2408 Ne
1245 2366 1504 2421 inpudenter
1534 2366 1770 2420 inpudens;

348 2437 456 2479 Nam
486 2438 520 2479 si
547 2439 656 2479 istuc
682 2438 748 2479 ius
775 2439 832 2480 sit
857 2439 970 2491 quod
998 2452 1221 2488 memoras,
1253 2439 1491 2493 piscatores
1520 2438 1741 2492 perierint.
1767 2447 1834 2483 965

350 2508 516 2563 Quippe
549 2523 674 2563 quom
709 2510 924 2564 extemplo
956 2512 999 2552 in
1032 2511 1256 2553 macellum
1290 2511 1430 2564 pisces
1462 2509 1620 2564 prolati
1653 2511 1776 2561 sient,

463 2667 523 2700 951
554 2667 652 2710 perit
677 2666 711 2701 B
824 2668 1015 2703 inuentum
1043 2673 1097 2703 est
1124 2668 1152 2703 C
1261 2669 1327 2703 955
1351 2669 1474 2712 potius
1588 2669 1652 2702 956
1677 2667 1832 2703 frustras

351 2735 388 2757 es
413 2722 460 2761 B,
486 2723 699 2781 frustrasses
727 2723 756 2758 Ο
873 2726 938 2759 957
963 2726 1069 2769 coepi
1191 2727 1257 2760 959
1282 2726 1386 2769 coepi
1413 2725 1447 2758 B
1561 2726 1627 2759 962
1651 2728 1690 2777 st
1715 2724 1832 2759 sentio

351 2781 417 2814 964
444 2781 634 2814 inuentust
660 2787 891 2815 communest
915 2781 1124 2824 (commune
1151 2782 1214 2825 EG)
