2009 3218
321 211 399 248 122
996 203 1116 238 Plauti
1459 205 1529 250 111,
1559 209 1586 248 1,
1617 208 1733 250 ies—2,
1759 208 1803 243 13

319 333 488 383 Rogare
521 331 661 373 scalas
692 335 741 371 ut
772 330 916 372 darem
950 329 1133 371 utendas
1166 328 1261 370 sibi.

317 403 408 456 Ego
439 403 495 445 ad
526 403 608 444 hoc
638 401 878 455 exemplum
912 401 1061 442 simiae
1092 401 1349 454 respondeo,

316 475 454 516 Natas
486 489 537 516 ex
569 473 808 516 Philomela
840 478 969 527 atque
1001 487 1052 514 ex
1082 472 1252 525 Progne
1285 487 1378 516 esse
1410 474 1675 518 hirundines.

317 546 408 600 Ago
440 559 536 587 cum
567 545 655 594 illa,
686 559 738 585 ne
771 544 875 599 quid
906 548 1060 586 noceat
1090 545 1196 586 meis
1228 545 1527 599 popularibus.

317 618 461 672 Atque
491 617 567 659 illa
596 617 728 658 nimio
759 617 844 658 iam
876 616 968 657 fieri
998 615 1204 668 ferocior3
1737 630 1804 664 595

318 689 502 732 Uidetur
532 689 647 731 ultro
679 688 784 730 mihi
816 688 977 729 malum
1008 687 1263 729 minitarier.

317 762 366 803 In
397 762 464 803 ius
497 765 628 803 uocat
659 774 737 802 me.
796 759 862 801 Ibi
896 773 973 813 ego
1005 759 1151 801 nescio
1185 773 1270 813 quo
1302 760 1429 802 modo

315 833 458 875 Iratus
490 833 642 879 uideor
674 831 860 873 mediam
892 831 1085 884 arripere
1117 831 1305 884 simiam;

317 905 536 947 Concludo
567 905 610 946 in
642 904 785 945 uincla
814 903 996 944 bestiam
1028 903 1360 957 nequissumam.

314 977 439 1019 Nunc
471 990 600 1031 quam
633 976 685 1017 ad
719 989 808 1016 rem
841 975 980 1016 dicam
1011 975 1091 1016 hoc
1122 976 1307 1018 attinere
1340 978 1563 1027 somnium,
1738 990 1806 1023 600

316 1049 560 1103 Numquam
590 1047 720 1089 hodie
752 1047 871 1101 quiui
905 1046 960 1087 ad
992 1048 1288 1089 coniecturam
1320 1049 1517 1091 euadere.

318 1121 402 1164 Sed
433 1121 536 1175 quid
568 1120 638 1161 hic
668 1120 713 1161 in
744 1118 925 1160 Ueneris
958 1118 1057 1160 fano
1091 1133 1209 1161 meae
1242 1120 1426 1161 uiciniae

318 1191 530 1235 Clamoris
562 1191 730 1234 oritur?
762 1192 931 1232 animus
964 1191 1143 1233 miratur
1173 1205 1307 1234 meus.

671 1385 788 1426 TRA
799 1384 1034 1427 CHALIO.
1098 1384 1464 1426 DAEMONES.

923 1498 1198 1540 Trachalio

317 1575 399 1616 Pro
432 1571 697 1627 Cyrenenses
730 1570 973 1624 populares,
1005 1575 1195 1612 nostram
1229 1583 1307 1623 ego
1338 1570 1508 1624 inploro
1540 1571 1680 1622 fidem,

316 1645 553 1700 Agricolae,
586 1643 764 1685 adcolae
795 1643 1025 1696 propinqui
1058 1643 1130 1695 qui
1163 1643 1267 1684 estis
1300 1643 1367 1684 his
1398 1642 1660 1696 regionibus,
1738 1654 1805 1688 605

316 1718 444 1759 Ferte
469 1730 593 1770 opem
616 1716 788 1770 inopiae
813 1719 945 1769 atque
971 1714 1215 1768 exemplum
1237 1729 1486 1768 pessumum
1503 1729 1672 1768 pessum
1690 1715 1802 1757 date.
1841 1722 1845 1726 ”

316 1789 559 1837 Uindicate‚
592 1802 644 1829 ne
675 1788 888 1841 inpiorum
921 1787 1066 1840 potior
1096 1787 1153 1828 sit
1183 1787 1394 1840 pollentia

315 1861 454 1913 Quam
483 1861 771 1910 innocentum,
804 1859 877 1912 qui
909 1872 953 1899 se
986 1858 1145 1900 scelere
1176 1858 1270 1900 fieri
1300 1858 1454 1900 nolunt
1484 1858 1654 1900 nobilis.

316 1933 504 1976 Statuite
537 1931 781 1986 exemplum
810 1930 1049 1985 inpudenti,
1081 1930 1182 1972 date
1215 1931 1369 1985 pudori
1401 1931 1660 1985 praemium3

315 2006 463 2047 Facite
494 2005 564 2046 hic
595 2003 689 2055 lege
721 2003 867 2057 potius
898 2002 1029 2044 liceat
1059 2017 1189 2057 quam
1220 2003 1264 2044 ui
1294 2003 1410 2044 uicto
1443 2002 1614 2053 uiuere;
1738 2013 1807 2047 610

316 2076 487 2119 Currite
510 2077 596 2118 huc
619 2076 663 2116 in
682 2074 860 2117 Ueneris
884 2074 1045 2124 fanum,
1077 2079 1272 2116 uostram
1297 2074 1456 2116 iterum
1472 2073 1642 2128 inploro
1661 2072 1804 2121 fidem,

318 2148 400 2199 Qui
431 2162 563 2203 prope
593 2148 664 2189 hic
696 2147 858 2188 adestis
891 2147 1051 2201 quique
1084 2146 1245 2187 auditis
1277 2146 1511 2188 clamorem
1544 2159 1696 2187 meum.

317 2222 445 2264 Ferte
477 2220 701 2274 suppetias
732 2219 805 2272 qui
837 2218 995 2260 Ueneri
1030 2218 1326 2272 Ueneriaeque
1358 2218 1582 2260 antistitae

317 2293 437 2335 More
469 2293 650 2345 antiquo
680 2292 723 2332 in
756 2290 1024 2332 custodelam
1057 2304 1182 2332 suum
1214 2290 1509 2331 conmiserunt
1539 2293 1683 2343 caput.
1738 2301 1806 2334 614

316 2365 633 2418 Praetorquete
664 2363 848 2404 iniuriae
879 2362 999 2416 prius
1032 2361 1190 2403 collum
1223 2373 1355 2414 quam
1386 2360 1442 2402 ad
1473 2373 1552 2402 uos
1583 2365 1806 2414 peruenat.

916 2440 1207 2483 Daemones

320 2515 433 2565 Quid
466 2516 578 2556 istuc
609 2519 675 2556 est
706 2514 880 2566 negoti?

431 2673 497 2706 594
522 2671 650 2715 nequit
675 2670 709 2704 B
814 2671 879 2704 595
904 2671 1025 2704 animo
1131 2671 1197 2704 600
1223 2669 1416 2713 Nunquam
1529 2670 1591 2702 601
1623 2674 1660 2702 at
1684 2668 1803 2703 colec-

320 2734 438 2764 turam
466 2728 500 2762 B
588 2726 799 2762 602=fanom
827 2727 871 2769 B,
897 2727 981 2761 fano
1009 2728 1051 2770 C;
1079 2731 1198 2762 cetera
1221 2726 1361 2761 desunt.
1449 2726 1516 2759 603
1542 2725 1667 2767 mirat3
1693 2730 1807 2760 cetera

318 2786 458 2821 desunt.
555 2786 621 2818 614
645 2784 848 2840 custodiam
941 2786 1010 2817 625
1035 2783 1227 2827 perueniat
