2009 3218
333 211 418 251 218
1020 205 1140 239 Plauti
1557 205 1607 248 11,
1634 207 1665 250 2,
1689 207 1823 246 49—,55

941 329 1072 372 Pina
1085 331 1218 372 cium

336 404 479 455 Uenst,
510 404 700 457 inquam.

927 495 1224 549 Paneyyris

763 568 890 610 Tutin
922 568 1043 622 ipsus
1076 569 1217 622 ipsum
1249 567 1430 610 uidisti?

943 668 1219 711 Pinacium

1165 732 1169 736 ¹
1485 741 1582 795 Ipse
1615 741 1706 794 e'go.

927 827 1231 869 Gelasimus

339 899 495 942 Hercle
519 913 623 942 uero
650 899 818 953 capiam
844 911 1000 953 scopas
1027 903 1158 952 atque
1182 898 1264 940 hoc
1287 912 1540 941 conuorram
1565 899 1730 942 lubens.
1757 911 1824 947 3¹75

943 1014 1217 1057 Pinacium

335 1089 513 1141 Argenti
546 1088 727 1142 aurique
759 1087 937 1131 aduexit
968 1088 1156 1128 nimium.

926 1188 1231 1231 Gelasimus

1218 1261 1355 1303 Nimis
1386 1262 1546 1303 factum
1579 1263 1698 1305 bene.
1753 1249 1759 1255 ”

936 1362 997 1405 Pi
1010 1363 1212 1404 nczcz'um

333 1436 497 1478 Lanam
527 1449 850 1490 purpuramque
884 1435 1075 1476 multam.

927 1537 1230 1579 Gelasimus

1142 1608 1232 1660 Est,
1263 1610 1336 1662 qui
1368 1615 1562 1651 uentrem
1593 1611 1791 1652 uestiam'.

942 1711 1216 1753 Pinacium

337 1783 492 1826 Lectos
526 1783 743 1835 ebul-atos,
775 1787 962 1826 auratos.

931 1889 1227 1931 Gelasimus

1018 1960 1256 2002 Adcubabo
1286 1961 1414 2013 regie.

938 2077 1215 2120 Pinacium

334 2149 443 2190 Tum
476 2149 742 2203 Babylonica
773 2151 1146 2204 etperistromata
1178 2149 1354 2192 tonsilia
1385 2154 1428 2191 et
1459 2150 1656 2204 tappetia

336 2221 535 2263 Aduexit.

929 2315 1236 2358 Gelasimus

575 2386 762 2429 Nimium
796 2388 933 2430 bonae
965 2388 1040 2429 rei.
1103 2387 1256 2429 Hercle
1288 2401 1376 2429 rem
1409 2391 1575 2440 gestam
1610 2387 1728 2429 bene.
1756 2397 1822 2432 380

449 2546 515 2579 374
539 2549 606 2579 tun
633 2556 712 2579 eum
738 2545 859 2589 ipsum
885 2545 953 2581 BG
1053 2545 1105 2579 ita
1130 2556 1200 2589 ego
1226 2545 1345 2580 libens
1369 2543 1443 2587 BC,
1470 2545 1600 2580 lubens
1625 2544 1658 2579 A
1756 2544 1821 2579 375

332 2602 500 2646 proximo
519 2602 756 2645 postponitur
893 2613 1109 2636 conuerram
1134 2601 1203 2637 BG
1313 2602 1379 2636 376
1403 2601 1558 2636 multum
1583 2600 1652 2636 BC
1755 2601 1821 2635 377

336 2658 421 2703 equi
445 2656 490 2700 B,
523 2657 603 2692 hem
631 2657 693 2701 qui
719 2657 748 2692 0
849 2660 914 2693 378
939 2659 1150 2693 accubabor
1176 2658 1255 2703 egle
1279 2657 1347 2692 BG
1445 2659 1514 2692 379
1539 2657 1630 2692 Tam
1655 2656 1722 2692 BG

337 2714 562 2758 peristroma
666 2717 730 2748 ton
757 2714 840 2748 silla
865 2714 909 2758 B,
936 2719 1002 2750 ton
1028 2715 1116 2750 sella
1143 2714 1172 2750 Ο
1278 2714 1419 2758 tapetia
1442 2713 1511 2749 Bc·
1609 2715 1677 2749 380
1699 2712 1821 2748 hercle

335 2781 400 2806 om.
426 2770 462 2805 A
698 2775 702 2781 ’
