2009 3218
371 233 450 272 232
816 258 819 260 .
1051 232 1172 266 Plauti
1541 232 1600 276 lv,
1630 236 1656 277 1,
1681 234 1801 277 69-2,
1827 236 1848 268 7

945 356 1273 410 Epiynomus

371 426 469 468 Uidi
501 427 652 480 edepol
684 427 901 469 hominem
932 428 1048 470 haud
1082 429 1336 482 perdudum.

913 522 1247 576 Pa21212722‘z272221
1260 537 1315 564 us

1251 594 1362 644 Quid
1394 597 1513 649 agit?

945 689 1118 742 Epiyn
1132 703 1269 730 omus

1460 761 1583 811 Quod
1612 762 1849 806 famelicus.

912 847 1316 900 Pampleilippus

369 917 479 967 Quin
511 920 680 960 uocasti
711 919 924 962 hominem
956 920 1012 961 ad
1044 920 1220 961 cenam?

947 1015 1273 1067 Epiynosnms

1111 1085 1175 1128 Ne
1211 1087 1315 1139 quid
1347 1087 1582 1130 adueniens
1615 1089 1851 1142 perderem.

373 1157 511 1211 Atque
529 1171 678 1199 eccum
695 1157 776 1199 tibi
794 1157 945 1211 lupum
963 1158 1005 1198 in
1024 1171 1240 1210 sermone3
1275 1173 1479 1212 praesens
1498 1160 1695 1202 esuriens
1712 1161 1848 1203 adest.

910 1251 1312 1304 Pamplm'lippas

371 1323 659 1366 Ludificemur
689 1323 917 1366 hominem.

952 1418 1277 1473 Epiynomus

985 1490 1112 1545 Capti
1145 1491 1294 1533 consili
1327 1507 1555 1535 memorem
1589 1508 1747 1536 mones.
1788 1506 1855 1540 580

499 1842 833 1885 GELASIMUS.
897 1844 1319 1888 PAMPHILIPPUS.
1384 1845 1724 1888 EPIGNOMUS.

961 1957 1271 2000 Gelasimus

371 2029 473 2083 [Sed
506 2029 548 2070 id
582 2029 694 2083 quod
729 2030 876 2084 occepi
908 2044 1085 2071 narrare
1117 2030 1259 2071 uobis:
1294 2045 1423 2084 quom
1455 2031 1525 2072 hic
1556 2045 1638 2073 non
1671 2031 1810 2086 adfui]

370 2101 475 2143 Cum
507 2102 654 2142 amicis
687 2101 927 2142 deliberaui
960 2103 1045 2142 iam
1078 2107 1120 2143 et
1152 2116 1245 2143 cum
1278 2103 1472 2155 cognatis
1506 2103 1622 2145 meis.

371 2173 438 2214 Ita
463 2173 565 2214 mihi
593 2177 795 2214 auctores
820 2173 950 2225 fuere,
981 2177 1028 2214 ut
1053 2179 1222 2226 egomet
1245 2188 1312 2215 me
1329 2173 1458 2216 hodie
1475 2174 1712 2227 iugularem
1729 2173 1852 2216 fame.

371 2245 454 2287 Sed
472 2245 654 2286 uideone
672 2259 750 2298 ego
768 2245 1113 2299 Pamphilippum
1139 2260 1235 2287 cum
1260 2248 1392 2288 fratre
1411 2247 1682 2300 Epignomo?
1714 2247 1854 2300 Atque

1317 2320 1353 2359 is
1386 2322 1464 2360 est.

371 2388 610 2440 Adgrediar
642 2389 867 2430 hommem.
915 2390 1095 2442 Sperate
1128 2390 1442 2444 Pamphilippe,
1476 2404 1499 2431 O
1533 2404 1632 2444 spes
1659 2403 1764 2442 mea,
1790 2401 1855 2434 585

373 2460 406 2501 O
440 2474 533 2501 mea
564 2461 669 2507 uita,
703 2476 726 2501 o
758 2475 852 2502 mea
885 2461 1098 2514 uoluptas,
1131 2461 1263 2503 salue.
1325 2462 1500 2503 Saluom
1531 2461 1699 2515 gaudeo

371 2532 554 2585 Peregre
586 2537 629 2573 te
663 2533 701 2572 in
738 2534 921 2586 patriam
954 2533 1128 2574 redisse.

487 2691 643 2724 577—78
668 2689 763 2723 haud
780 2716 785 2722 .
803 2689 1029 2724 ..hominem
1055 2701 1119 2725 om.
1144 2690 1180 2725 B
1273 2692 1339 2724 577
1364 2690 1550 2725 hominem
1576 2692 1620 2725 ad
1648 2702 1787 2726 caenam
1811 2689 1854 2734 :lss

374 2746 468 2789 Quid
494 2747 572 2790 agit
599 2747 626 2779 (J
698 2777 701 2781 ,
727 2748 793 2780 578
818 2747 1019 2790 perdedere
1045 2747 1079 2781 Β
1188 2749 1254 2782 579
1279 2750 1397 2782 ectum
1425 2746 1459 2781 B
1569 2749 1636 2781 580
1660 2747 1803 2782 consilii
1829 2746 1857 2781 G

375 2803 436 2837 581
465 2802 534 2837 Sed
561 2803 614 2837 ita
640 2803 737 2847 quod
833 2803 898 2836 584
925 2804 1098 2847 piguomo
1216 2804 1281 2837 587
1307 2803 1457 2838 rediisse
1483 2803 1515 2837 A
