2009 3218
381 224 431 262 76
1063 219 1184 254 Plauti
1607 220 1649 264 V,
1675 223 1705 264 2,
1731 222 1862 262 43—‚51

977 344 1260 398 Paeym'um

377 416 567 469 Nequeo,
592 416 703 466 leno,
727 416 832 469 quin
855 416 935 458 tibi
961 416 1115 457 saltem
1141 416 1405 469 staticulum,
1438 417 1539 459 olim
1565 431 1691 470 quem
1718 417 1864 471 Hegea

375 487 593 529 Faciebat.
654 486 763 528 Uide
795 501 912 538 uero,
946 488 981 529 si
1012 487 1093 529 tibi
1124 488 1232 529 satis
1264 487 1420 541 placet.

969 599 1272 653 Sayaristio

1370 672 1440 713 Me
1472 687 1643 726 quoque
1674 674 1773 715 uolo
1799 686 1862 719 521

379 743 590 795 Reddere,
624 744 840 786 Diodorus
872 758 999 798 quem
1032 743 1134 785 olim
1165 743 1355 785 faciebat
1385 744 1428 784 in
1460 744 1593 787 Ionia.

984 857 1255 899 Dordalus

375 928 537 970 Malum
569 943 647 982 ego
680 929 803 971 uobis
837 928 962 979 dabo,
994 929 1037 970 ni
1069 929 1211 970 abitis.

973 1040 1267 1095 Sayaristio

1242 1113 1384 1156 Etiam
1418 1115 1576 1166 muttis,
1606 1114 1862 1168 impudens?

371 1185 461 1227 Iam
496 1199 572 1239 ego
607 1186 701 1238 tibi,
735 1187 770 1228 si
802 1199 868 1227 me
900 1186 1121 1236 irritassis,
1155 1185 1332 1228 Persam
1364 1186 1579 1228 adducam
1611 1187 1763 1228 denuo.

980 1299 1255 1341 Dordalus

372 1371 512 1414 Taceo
545 1371 702 1414 hercle.
778 1372 920 1426 Atque
951 1376 997 1413 tu
1030 1371 1164 1413 Persa
1195 1385 1263 1423 es,
1305 1372 1380 1425 qui
1413 1385 1478 1413 me
1508 1385 1646 1426 usque
1676 1371 1863 1414 admuti-

1317 1443 1419 1485 lasti
1450 1443 1506 1485 ad
1538 1449 1690 1486 cutem.
1796 1455 1863 1489 825

1003 1549 1223 1591 Toxilus

370 1621 494 1673 Tace,
525 1621 673 1674 stulte3
705 1622 776 1663 hic
808 1622 899 1663 eius
931 1622 1146 1673 geminust
1177 1620 1325 1663 frater.

976 1734 1248 1776 Dordalus

1211 1807 1363 1848 Hicine
1395 1807 1491 1849 est‘?

1004 1913 1035 1954 :l
1047 1926 1069 1954 o
1079 1926 1107 1954 x
1116 1912 1133 1953 i
1143 1913 1156 1954 l
1164 1927 1192 1954 u
1201 1926 1223 1954 s

1418 1984 1478 2026 Ac
1509 1985 1855 2038 geminissumus.

989 2086 1251 2127 Dordalus

370 2160 423 2200 Di
454 2159 647 2212 deaeque
679 2163 722 2200 et
753 2162 796 2199 te
828 2163 870 2200 et
901 2159 1116 2211 geminum
1147 2158 1326 2199 fratrem
1359 2158 1630 2200 excrucient!

965 2260 1273 2314 Sayarz'stc'o

1455 2332 1538 2382 Qui
1569 2336 1612 2374 te
1645 2331 1854 2386 perdidit3

368 2404 478 2446 Nam
510 2418 587 2458 ego
619 2404 725 2446 nihil
758 2405 907 2446 merui.

975 2505 1248 2547 Dordalus

712 2579 765 2619 At
796 2579 922 2627 enim,
955 2578 1070 2632 quod
1102 2578 1174 2619 ille
1207 2578 1375 2629 meruit,
1409 2577 1487 2618 tibi
1521 2577 1563 2618 id
1597 2577 1712 2619 obsit
1742 2576 1854 2619 uolo.

482 2738 547 2770 823
573 2737 642 2770 nisi
687 2759 691 2763 -
767 2736 877 2769 mutis
999 2737 1065 2769 825
1090 2735 1166 2769 Iam
1191 2740 1297 2770 taceo
1422 2740 1564 2770 custem
1591 2733 1636 2776 B,
1661 2738 1801 2769 curtem
1830 2733 1859 2769 G

367 2794 433 2827 826
459 2793 625 2836 geminus
653 2797 707 2826 est
802 2792 943 2826 hiccine
970 2796 1025 2826 est

1983 2976 1999 3068 -¹—-.
