2009 3218
379 236 430 273 44
1095 232 1185 266 lauti
1232 222 1238 228 '
1548 229 1611 271 iv,
1637 230 1666 271 2,
1694 230 1795 270 4-3‚
1825 229 1863 260 11

974 356 1273 409 Sayaristio

1047 427 1218 481 Tragici
1251 431 1293 468 et
1324 427 1474 469 comici

378 499 622 552 Numquam
654 512 794 551 aeque
826 504 927 540 sunt
958 499 1169 540 meditati.

1017 593 1234 634 Toaez'lus

1209 664 1371 718 Lepide
1403 663 1546 705 hercle
1579 664 1774 705 adiuuas.
1801 674 1867 708 465

380 735 488 790 [Age
519 735 623 777 illuc
654 735 839 778 abscede
871 736 1022 790 procul
1054 750 1076 777 e
1108 740 1354 790 conspectu.
1416 735 1548 787 Tace3

378 807 463 849 Ubi
495 821 591 849 cum
621 807 774 849 lenone
807 821 872 849 me
903 807 1073 849 uidebis
1105 807 1322 861 conloqui,

377 879 426 920 Id
459 879 542 920 erit
572 878 760 921 adeundi
791 883 979 932 tempus3
1012 893 1126 920 nunc
1158 879 1272 932 agite
1303 879 1362 920 ite
1394 878 1503 932 uos]

824 1118 1127 1160 DORDALUS
1187 1117 1430 1160 TOXILUS

987 1254 1257 1296 Dordalus

380 1326 488 1375 Quoi
520 1326 683 1367 homini
716 1326 756 1367 di
790 1327 969 1380 propitii
1003 1330 1116 1379 sunt,
1149 1326 1316 1380 aliquid
1349 1326 1557 1368 obiiciunt
1586 1325 1707 1366 lucri.

379 1398 487 1439 Nam
519 1411 596 1451 ego
628 1397 756 1439 hodie
788 1398 1013 1451 compendi
1044 1397 1126 1439 feci
1157 1398 1280 1439 binos
1310 1412 1445 1452 panes
1476 1398 1519 1439 in
1552 1397 1663 1448 dies3
1802 1407 1869 1440 470

378 1470 458 1519 Ita,
490 1469 648 1511 ancilla
670 1483 766 1511 mea
789 1483 899 1524 quae
926 1469 1007 1511 fuit
1023 1469 1163 1517 hodie,
1197 1482 1274 1511 sua
1297 1483 1410 1511 nunc
1428 1474 1511 1521 θεῖς
1544 1472 1724 1521 argento
1740 1468 1867 1519 uicit3

376 1541 465 1583 Iam
498 1541 627 1583 hodie
659 1541 847 1584 alienum
879 1541 1065 1592 cenabit,
1096 1541 1202 1583 nihil
1233 1541 1426 1596 gustabit
1457 1541 1509 1583 de
1541 1554 1647 1582 meo.

379 1613 538 1655 Sumne
570 1613 748 1667 probus,
780 1627 874 1655 sum
906 1613 1077 1667 lepidus
1110 1614 1231 1664 ciuis,
1273 1614 1345 1667 qui
1386 1613 1572 1655 Atticam
1604 1611 1731 1655 hodie
1762 1611 1867 1653 ciui-

1325 1689 1462 1727 tatem

378 1758 622 1799 Maxumam
654 1757 860 1798 maiorem
891 1758 975 1798 feci
1008 1762 1138 1810 atque
1171 1758 1271 1799 auxi
1302 1757 1387 1799 ciui
1418 1756 1607 1799 femina?

379 1828 462 1870 Sed
493 1833 541 1870 ut
572 1843 649 1881 ego
683 1828 810 1870 hodie
842 1828 903 1869 fui
935 1829 1166 1882 benignus!
1200 1834 1248 1871 ut
1279 1843 1356 1882 ego
1390 1828 1536 1870 multis
1570 1828 1746 1877 credidi,
1801 1839 1867 1873 475

379 1901 467 1943 Nec
499 1902 604 1943 satis
637 1915 662 1942 a
693 1902 900 1955 quiquam
929 1901 1101 1944 homine
1127 1903 1293 1956 accepi3
1326 1903 1388 1943 ita
1415 1914 1609 1955 prorsum
1636 1901 1866 1943 credebam

1330 1973 1550 2023 omnibus;

378 2045 467 2086 Nec
507 2049 670 2094 metuo,
719 2045 874 2098 quibus
914 2045 1078 2087 credidi
1117 2045 1264 2092 hodie.
1311 2059 1363 2086 ne
1401 2045 1496 2098 quis
1537 2043 1639 2085 mihi
1685 2045 1727 2085 in
1775 2045 1866 2086 iure

1328 2116 1574 2158 abiurassit.

378 2188 523 2230 Bonus
556 2189 655 2230 uolo
686 2189 769 2230 iam
803 2203 853 2229 ex
886 2188 967 2231 hoc
991 2189 1060 2230 die
1087 2203 1190 2231 esse.
1223 2212 1278 2217 -—
1305 2188 1420 2243 quod
1444 2201 1582 2241 neque
1607 2187 1693 2236 fiet,
1726 2201 1866 2241 neque

1323 2260 1416 2302 fuit.

1016 2348 1232 2390 Toaez'lus

381 2419 506 2460 Hunc
545 2419 758 2461 hominem
799 2433 876 2471 ego
916 2420 1046 2462 hodie
1083 2421 1125 2462 in
1164 2424 1445 2463 transennam
1485 2419 1624 2461 doctis
1656 2419 1865 2461 deducam

1327 2491 1450 2542 dolis,
1800 2502 1866 2536 479

470 2628 535 2661 466
562 2627 684 2671 aspice
710 2627 888 2670 deprocul
915 2628 950 2661 in
979 2631 1218 2672 conspectum
1241 2627 1286 2670 ssi:
1312 2632 1392 2663 tace
1462 2628 1529 2662 468
1554 2627 1594 2661 Id
1622 2627 1740 2662 aderit
1767 2627 1795 2662 G

379 2696 454 2718 nun
471 2683 498 2717 C
568 2694 634 2727 age
652 2684 722 2717 rite
804 2686 869 2718 4459
883 2684 927 2717 (le
942 2684 976 2717 B
1058 2686 1125 2719 4¹70
1139 2685 1247 2719 fecibi
1262 2696 1470 2728 nonspanes
1486 2685 1527 2718 B.
1545 2684 1613 2718 sei-i
1630 2696 1702 2718 uon
1719 2695 1830 2728 panes
1841 2688 1867 2718 (Ι

380 2743 445 2776 475
472 2746 512 2775 ut
537 2746 573 2774 et
598 2752 667 2783 ego
696 2741 724 2773 U
883 2742 948 2774 476
975 2753 1159 2785 quoquam
1187 2741 1215 2776 G
1351 2742 1465 2785 accipi
1492 2741 1526 2775 Β
1660 2752 1812 2785 prosum
1841 2741 1870 2775 C

380 2801 446 2833 479
472 2809 539 2842 ego
565 2798 750 2831 hominem
780 2800 808 2831 (J
899 2802 1127 2832 trassennam
1156 2798 1203 2841 Β,
1233 2805 1442 2833 trasennam
1469 2800 1532 2831 A(
1626 2798 1754 2832 ducam
1780 2797 1847 2832 ΒΟ
