2009 3218
169 135 218 178 11,
245 135 276 177 4,
301 134 422 173 84-5,
448 134 469 166 7
788 132 1044 168 Truculentus.
1574 136 1653 175 369

64 306 69 311 ,
167 258 363 303 Officium
395 257 548 308 facere,
581 256 696 311 quod
729 256 855 298 modo
889 257 995 299 haec
1027 257 1128 299 feeit
1161 258 1275 307 mihi,

73 345 92 375 l
168 330 510 385 suppositionem
546 329 665 382 pueri
700 342 810 383 quae
843 328 946 370 mihi
982 329 1178 378 credidit,

164 401 404 444 Germanae
437 400 552 454 quod
583 401 721 442 sorori
754 415 837 442 non
871 400 1010 442 credit-
1042 414 1174 442 soror.
1585 413 1652 446 435

166 473 366 516 Ostendit
398 485 490 513 sese
523 471 608 512 iam
643 471 743 513 milii
777 472 1038 517 medullitus,

165 544 218 587 Se
248 543 349 586 mihi
380 543 596 585 infidelem
629 557 878 596 numquam,
912 543 1012 585 dum
1046 544 1178 591 uiuat,
1212 542 1315 584 fore.

164 616 309 670 Egone
340 615 458 657 illam
491 619 538 656 ut
569 629 652 656 non
685 615 852 657 amem?
893 629 1028 668 egone
1059 613 1121 654 illi
1154 619 1202 655 ut
1233 628 1316 655 non
1349 615 1456 657 bene
1489 616 1652 658 uelim?

162 688 230 730 Me
262 688 406 741 potius
437 700 521 728 non
554 686 723 737 amabo,
757 700 887 740 quam
919 686 1019 728 huic
1051 685 1164 727 desit
1196 699 1327 727 amor.

165 759 254 812 Ego
284 759 356 800 isti
388 772 472 800 non
505 772 660 800 munus
693 758 891 800 mittam?
950 757 1087 799 Immo
1121 772 1170 798 ex
1204 757 1283 799 hoo
1314 757 1410 800 loco
1585 771 1653 803 440

161 830 322 873 Iubebo
355 830 408 872 ad
441 831 570 871 istam
603 831 796 884 quinque
828 829 1010 884 perferri
1043 830 1195 880 minas,

163 903 391 944 Praeterea
422 914 505 943 mzcc
536 902 740 955 opsonari
774 902 1004 943 dumtaxat
1037 901 1163 943 mina.

161 974 297 1016 Multo
327 974 390 1016 illi
422 974 566 1028 potius
598 973 705 1015 bene
737 975 804 1023 sit,
838 987 950 1028 quae
985 973 1091 1015 bene
1123 972 1216 1014 uolt
1248 972 1364 1023 mihi,

158 1045 296 1096 Quam
330 1045 447 1095 mihi,
480 1047 554 1099 qui
586 1045 781 1087 mihimet
813 1046 956 1087 omnia
986 1044 1098 1086 facio
1131 1044 1256 1086 mala.

537 1377 911 1428 PHRONESIUM
971 1385 1270 1427 MERETRIX

363 1505 501 1547 Puero
532 1504 605 1547 isti
638 1504 738 1545 date
772 1517 1014 1544 mammam.
1077 1502 1135 1544 Ut
1166 1503 1350 1544 miserae
1587 1515 1656 1548 445

273 1576 437 1619 Matres
470 1576 772 1630 sollicitaeque
804 1589 856 1616 ex
887 1575 1032 1616 animo
1065 1579 1165 1616 sunt
1197 1574 1554 1628 crucianturque!
1599 1624 1602 1627 Ι

274 1648 438 1703 Edepol
470 1652 741 1691 conmentum
778 1647 910 1698 male3
942 1660 1158 1701 quomque
1193 1661 1286 1689 eam
1319 1660 1408 1688 rem
1443 1647 1486 1687 in
1523 1646 1653 1687 corde

1115 1719 1246 1772 agito,

276 1792 417 1835 Nimio
456 1793 596 1834 minus
636 1791 913 1846 perhibemur
953 1790 1090 1831 malae
1124 1804 1252 1843 quam
1285 1804 1433 1831 sumus
1466 1790 1649 1843 ingenio.

366 1864 456 1918 Ego
488 1865 536 1906 id
565 1865 702 1918 prime
735 1863 787 1904 de
820 1877 886 1904 me
919 1862 1046 1904 domo
1081 1861 1209 1903 docta
1241 1861 1349 1903 dieo.

368 1935 541 1986 Quanta
572 1942 638 1978 est
665 1949 769 1977 cura
792 1936 834 1976 in
862 1935 1016 1981 animo,
1051 1938 1259 1988 quantum
1286 1932 1415 1974 corde
1441 1934 1563 1987 capio
1589 1945 1656 1977 450

366 2008 583 2055 Dolorem,
617 2007 742 2049 dolus
774 2021 826 2048 ne
858 2006 1030 2048 occidat
1060 2010 1196 2047 morte
1230 2006 1364 2059 pueri⁷

368 2080 510 2122 Mater
541 2080 658 2122 dicta
689 2079 792 2132 quoi
824 2077 938 2120 sum!
972 2091 1021 2119 eo
1053 2078 1190 2131 magis
1223 2077 1377 2119 studeo
1408 2078 1537 2127 uitae,

368 2151 486 2203 Quae
518 2152 631 2193 hunc
663 2165 768 2193 ausa
800 2155 967 2192 tantum
1001 2149 1145 2191 dolum
1178 2163 1271 2190 sum
1303 2148 1540 2201 adgrediri;

276 2311 342 2345 433
368 2309 483 2354 quoC'
548 2309 626 2344 ficit
640 2310 683 2351 B,
710 2308 797 2343 facit
811 2308 839 2342 C
916 2309 983 2342 434
1007 2307 1151 2351 puerim
1167 2307 1201 2342 B
1277 2318 1384 2351 quem
1409 2306 1496 2341 hinc
1521 2306 1658 2340 redidit

167 2365 342 2409 (reddidit
367 2365 409 2410 C)
511 2367 579 2401 435
605 2365 785 2400 Germane
890 2366 956 2398 436
981 2363 1071 2398 mihi
1096 2364 1168 2398 iam
1195 2374 1274 2402 sese
1391 2364 1458 2397 437
1483 2375 1529 2398 ne
1557 2363 1660 2397 uiuat

258 2479 449 2514 dumtaxat
473 2483 511 2514 at
603 2481 668 2513 443
695 2479 808 2523 eritq;
834 2478 928 2512 bene
1021 2479 1088 2512 444
1113 2476 1226 2520 Quam
1251 2476 1421 2511 mihimet
1447 2477 1571 2510 omnia
1597 2477 1657 2520 qui

166 2536 255 2571 mihi
280 2536 374 2571 facio
475 2535 753 2570 PRONESIUM
780 2534 814 2569 B
914 2535 981 2568 445
1007 2545 1127 2568 amam
1152 2540 1211 2568 ma
1235 2533 1270 2567 B
1366 2534 1500 2568 misere
1594 2535 1660 2567 446

169 2594 296 2628 matris
324 2593 353 2629 G
496 2593 727 2637 solliciteque
753 2604 796 2626 ex
823 2592 964 2625 animos
991 2591 1051 2625 uni
1079 2591 1319 2634 cruciantque
1470 2591 1537 2623 448
1562 2590 1659 2624 Male

168 2651 235 2684 449
260 2650 341 2694 Ego
367 2651 486 2694 prima
510 2650 621 2684 modo
649 2650 747 2683 dicta
773 2648 888 2682 dicito
983 2649 1050 2681 452
1074 2646 1175 2691 qnod
1274 2647 1347 2681 uite
1374 2646 1409 2681 B
1495 2648 1561 2681 453
1586 2645 1661 2690 Que

259 2707 330 2742 huc
356 2706 400 2749 B,
425 2717 491 2742 om..
519 2706 549 2742 C'
637 2718 725 2741 ausa
751 2717 829 2739 sum
857 2708 1000 2738 tantum
1028 2703 1110 2738 dem
1137 2703 1263 2738 dolum
1289 2703 1488 2747 adgrediar

271 2778 306 2802 V.
1346 2775 1387 2807 24

167 2423 234 2457 438
255 2423 345 2457 illud
370 2423 453 2467 (pro
476 2422 532 2456 illi
558 2422 614 2465 ut)
729 2423 796 2456 440
822 2423 953 2455 iammo
979 2421 1022 2463 B,
1050 2420 1234 2455 iammodo
1263 2419 1293 2456 G
1400 2421 1466 2454 442
1494 2432 1564 2454 una
1590 2430 1656 2455 om.
1724 2446 1727 2450 .
