<?xml version="1.0" encoding="UTF-8"?>
<!DOCTYPE html PUBLIC "-//W3C//DTD XHTML 1.0 Transitional//EN"
    "http://www.w3.org/TR/xhtml1/DTD/xhtml1-transitional.dtd">
<html xmlns="http://www.w3.org/1999/xhtml" xml:lang="en" lang="en">
 <head>
  <title>
</title>
<meta http-equiv="Content-Type" content="text/html;charset=utf-8" />
  <meta name='ocr-system' content='tesseract 3.04.00' />
  <meta name='ocr-capabilities' content='ocr_page ocr_carea ocr_par ocr_line ocrx_word'/>
</head>
<body>
  <div class='ocr_page' id='page_1' title='image "./comoediaerecensu05plauuoft_0241.png"; bbox 0 0 2009 3218; ppageno 0'>
   <div class='ocr_carea' id='block_1_1' title="bbox 0 1110 46 3218">
    <p class='ocr_par' dir='ltr' id='par_1_1' title="bbox 0 1110 46 3218">
     <span class='ocr_line' id='line_1_1' title="bbox 0 1110 46 3218; baseline 0 0"><span class='ocrx_word' id='word_1_1' title='bbox 0 1110 46 3218; x_wconf 95' lang='lat' dir='ltr'> </span> 
     </span>
    </p>
   </div>
   <div class='ocr_carea' id='block_1_2' title="bbox 177 223 1656 268">
    <p class='ocr_par' dir='ltr' id='par_1_2' title="bbox 177 223 1656 268">
     <span class='ocr_line' id='line_1_2' title="bbox 177 223 1656 268; baseline 0.005 -10"><span class='ocrx_word' id='word_1_2' title='bbox 177 225 239 268; x_wconf 73' lang='lat' dir='ltr'>IV,</span> <span class='ocrx_word' id='word_1_3' title='bbox 265 226 296 265; x_wconf 72' lang='lat'>8„</span> <span class='ocrx_word' id='word_1_4' title='bbox 321 225 454 258; x_wconf 80' lang='lat'><strong>21—33</strong></span> <span class='ocrx_word' id='word_1_5' title='bbox 841 223 996 258; x_wconf 72' lang='lat' dir='ltr'>Stichus.</span> <span class='ocrx_word' id='word_1_6' title='bbox 1575 226 1656 265; x_wconf 82' lang='lat'>235</span> 
     </span>
    </p>
   </div>
   <div class='ocr_carea' id='block_1_3' title="bbox 174 348 1547 546">
    <p class='ocr_par' dir='ltr' id='par_1_3' title="bbox 174 348 1547 546">
     <span class='ocr_line' id='line_1_3' title="bbox 765 348 1066 391; baseline -0.013 0"><span class='ocrx_word' id='word_1_7' title='bbox 765 348 1066 391; x_wconf 68' lang='lat' dir='ltr'>Gelasimus</span> 
     </span>
     <span class='ocr_line' id='line_1_4' title="bbox 984 420 1547 476; baseline 0 -14"><span class='ocrx_word' id='word_1_8' title='bbox 984 420 1128 462; x_wconf 85' lang='lat' dir='ltr'>Facile</span> <span class='ocrx_word' id='word_1_9' title='bbox 1160 422 1358 464; x_wconf 85' lang='lat' dir='ltr'>excusari</span> <span class='ocrx_word' id='word_1_10' title='bbox 1388 424 1547 476; x_wconf 84' lang='lat' dir='ltr'>potest.</span> 
     </span>
     <span class='ocr_line' id='line_1_5' title="bbox 174 492 1316 546; baseline -0.001 -10"><span class='ocrx_word' id='word_1_11' title='bbox 174 493 277 536; x_wconf 86' lang='lat' dir='ltr'>Mihi</span> <span class='ocrx_word' id='word_1_12' title='bbox 310 492 435 535; x_wconf 88' lang='lat' dir='ltr'>modo</span> <span class='ocrx_word' id='word_1_13' title='bbox 467 493 684 536; x_wconf 78' lang='lat' dir='ltr'>ausculta:</span> <span class='ocrx_word' id='word_1_14' title='bbox 717 493 815 535; x_wconf 89' lang='lat' dir='ltr'>iube</span> <span class='ocrx_word' id='word_1_15' title='bbox 847 506 995 535; x_wconf 84' lang='lat' dir='ltr'>cenam</span> <span class='ocrx_word' id='word_1_16' title='bbox 1029 493 1144 534; x_wconf 92' lang='lat' dir='ltr'>domi</span> <span class='ocrx_word' id='word_1_17' title='bbox 1176 493 1316 546; x_wconf 89' lang='lat' dir='ltr'>coqui.</span> 
     </span>
    </p>
   </div>
   <div class='ocr_carea' id='block_1_4' title="bbox 748 573 1658 684">
    <p class='ocr_par' dir='ltr' id='par_1_4' title="bbox 748 573 1658 684">
     <span class='ocr_line' id='line_1_6' title="bbox 748 573 1072 625; baseline 0 -12"><span class='ocrx_word' id='word_1_18' title='bbox 748 573 824 625; x_wconf 77' lang='lat' dir='ltr'>Ep</span> <span class='ocrx_word' id='word_1_19' title='bbox 835 574 882 625; x_wconf 65' lang='lat' dir='ltr'>ig]</span> <span class='ocrx_word' id='word_1_20' title='bbox 892 587 919 613; x_wconf 80' lang='lat' dir='ltr'>n</span> <span class='ocrx_word' id='word_1_21' title='bbox 931 586 952 613; x_wconf 88' lang='grc' dir='ltr'><strong><em>ο</em></strong></span> <span class='ocrx_word' id='word_1_22' title='bbox 966 586 1003 612; x_wconf 84' lang='lat' dir='ltr'><em>m</em></span> <span class='ocrx_word' id='word_1_23' title='bbox 1016 587 1040 613; x_wconf 80' lang='lat' dir='ltr'>u</span> <span class='ocrx_word' id='word_1_24' title='bbox 1051 586 1072 613; x_wconf 74' lang='lat' dir='ltr'>s</span> 
     </span>
     <span class='ocr_line' id='line_1_7' title="bbox 1255 628 1658 684; baseline 0.002 -14"><span class='ocrx_word' id='word_1_25' title='bbox 1255 628 1351 672; x_wconf 94' lang='lat' dir='ltr'>Non</span> <span class='ocrx_word' id='word_1_26' title='bbox 1383 644 1450 672; x_wconf 89' lang='lat' dir='ltr'>me</span> <span class='ocrx_word' id='word_1_27' title='bbox 1483 629 1658 684; x_wconf 90' lang='lat' dir='ltr'>quidem</span> 
     </span>
    </p>
   </div>
   <div class='ocr_carea' id='block_1_5' title="bbox 168 701 1659 1429">
    <p class='ocr_par' dir='ltr' id='par_1_5' title="bbox 171 701 1164 755">
     <span class='ocr_line' id='line_1_8' title="bbox 171 701 1164 755; baseline -0.003 -10"><span class='ocrx_word' id='word_1_28' title='bbox 171 702 317 745; x_wconf 84' lang='lat' dir='ltr'>Faciet</span> <span class='ocrx_word' id='word_1_29' title='bbox 347 706 537 751; x_wconf 87' lang='lat' dir='ltr'>auctore,</span> <span class='ocrx_word' id='word_1_30' title='bbox 572 702 699 744; x_wconf 87' lang='lat' dir='ltr'>hodie</span> <span class='ocrx_word' id='word_1_31' title='bbox 732 706 780 744; x_wconf 91' lang='lat' dir='ltr'>ut</span> <span class='ocrx_word' id='word_1_32' title='bbox 810 701 931 743; x_wconf 89' lang='lat' dir='ltr'>illum</span> <span class='ocrx_word' id='word_1_33' title='bbox 964 701 1164 755; x_wconf 87' lang='lat' dir='ltr'>decipiat.</span> 
     </span>
    </p>

    <p class='ocr_par' dir='ltr' id='par_1_6' title="bbox 760 780 1657 898">
     <span class='ocr_line' id='line_1_9' title="bbox 760 780 1060 823; baseline -0.003 0"><span class='ocrx_word' id='word_1_34' title='bbox 760 780 1060 823; x_wconf 73' lang='lat' dir='ltr'>Gelas-imus</span> 
     </span>
     <span class='ocr_line' id='line_1_10' title="bbox 1101 852 1657 898; baseline 0.005 -3"><span class='ocrx_word' id='word_1_35' title='bbox 1101 852 1195 895; x_wconf 91' lang='lat' dir='ltr'>Non</span> <span class='ocrx_word' id='word_1_36' title='bbox 1228 857 1274 895; x_wconf 90' lang='lat' dir='ltr'>tu</span> <span class='ocrx_word' id='word_1_37' title='bbox 1307 852 1407 895; x_wconf 88' lang='lat' dir='ltr'>hinc</span> <span class='ocrx_word' id='word_1_38' title='bbox 1438 852 1563 894; x_wconf 84' lang='lat' dir='ltr'>abis?</span> <span class='ocrx_word' id='word_1_39' title='bbox 1588 864 1657 898; x_wconf 85' lang='lat'>605</span> 
     </span>
    </p>

    <p class='ocr_par' dir='ltr' id='par_1_7' title="bbox 171 923 1659 980">
     <span class='ocr_line' id='line_1_11' title="bbox 171 923 1659 980; baseline -0.001 -12"><span class='ocrx_word' id='word_1_40' title='bbox 171 925 264 968; x_wconf 87' lang='lat' dir='ltr'>Nisi</span> <span class='ocrx_word' id='word_1_41' title='bbox 295 939 360 968; x_wconf 91' lang='lat' dir='ltr'>me</span> <span class='ocrx_word' id='word_1_42' title='bbox 391 940 475 967; x_wconf 91' lang='lat' dir='ltr'>non</span> <span class='ocrx_word' id='word_1_43' title='bbox 508 926 752 979; x_wconf 80' lang='lat' dir='ltr'>perspicere</span> <span class='ocrx_word' id='word_1_44' title='bbox 785 939 935 968; x_wconf 85' lang='lat' dir='ltr'>censes</span> <span class='ocrx_word' id='word_1_45' title='bbox 960 925 1064 980; x_wconf 87' lang='lat' dir='ltr'>quid</span> <span class='ocrx_word' id='word_1_46' title='bbox 1090 940 1206 980; x_wconf 87' lang='lat' dir='ltr'>agas.</span> <span class='ocrx_word' id='word_1_47' title='bbox 1256 923 1372 968; x_wconf 87' lang='lat' dir='ltr'>Caue</span> <span class='ocrx_word' id='word_1_48' title='bbox 1397 925 1457 967; x_wconf 86' lang='lat' dir='ltr'>sis</span> <span class='ocrx_word' id='word_1_49' title='bbox 1482 928 1530 967; x_wconf 88' lang='lat' dir='ltr'>tu</span> <span class='ocrx_word' id='word_1_50' title='bbox 1556 925 1659 978; x_wconf 78' lang='lat' dir='ltr'>tibi3</span> 
     </span>
    </p>

    <p class='ocr_par' dir='ltr' id='par_1_8' title="bbox 169 997 1654 1052">
     <span class='ocr_line' id='line_1_12' title="bbox 169 997 1654 1052; baseline 0 -12"><span class='ocrx_word' id='word_1_51' title='bbox 169 998 276 1040; x_wconf 83' lang='lat' dir='ltr'>Nam</span> <span class='ocrx_word' id='word_1_52' title='bbox 303 997 390 1039; x_wconf 89' lang='lat' dir='ltr'>illic</span> <span class='ocrx_word' id='word_1_53' title='bbox 414 997 539 1040; x_wconf 89' lang='lat' dir='ltr'>homo</span> <span class='ocrx_word' id='word_1_54' title='bbox 559 1005 677 1039; x_wconf 82' lang='lat' dir='ltr'>tuam</span> <span class='ocrx_word' id='word_1_55' title='bbox 694 998 979 1040; x_wconf 81' lang='lat' dir='ltr'>hereditatem</span> <span class='ocrx_word' id='word_1_56' title='bbox 999 998 1137 1040; x_wconf 80' lang='lat' dir='ltr'><strong>inhiat</strong></span> <span class='ocrx_word' id='word_1_57' title='bbox 1161 998 1286 1052; x_wconf 87' lang='lat' dir='ltr'>quasi</span> <span class='ocrx_word' id='word_1_58' title='bbox 1303 997 1496 1039; x_wconf 87' lang='lat' dir='ltr'>esuriens</span> <span class='ocrx_word' id='word_1_59' title='bbox 1514 997 1654 1052; x_wconf 90' lang='lat' dir='ltr'>lupus.</span> 
     </span>
    </p>

    <p class='ocr_par' dir='ltr' id='par_1_9' title="bbox 170 1069 1629 1124">
     <span class='ocr_line' id='line_1_13' title="bbox 170 1069 1629 1124; baseline -0.001 -12"><span class='ocrx_word' id='word_1_60' title='bbox 170 1070 261 1112; x_wconf 89' lang='lat' dir='ltr'>Nou</span> <span class='ocrx_word' id='word_1_61' title='bbox 295 1075 339 1112; x_wconf 86' lang='lat' dir='ltr'>tu</span> <span class='ocrx_word' id='word_1_62' title='bbox 372 1070 456 1112; x_wconf 87' lang='lat' dir='ltr'>scis</span> <span class='ocrx_word' id='word_1_63' title='bbox 490 1082 618 1124; x_wconf 84' lang='lat' dir='ltr'>quam</span> <span class='ocrx_word' id='word_1_64' title='bbox 650 1069 930 1112; x_wconf 85' lang='lat' dir='ltr'>adflictentur</span> <span class='ocrx_word' id='word_1_65' title='bbox 960 1070 1154 1112; x_wconf 88' lang='lat' dir='ltr'>homines</span> <span class='ocrx_word' id='word_1_66' title='bbox 1186 1074 1318 1112; x_wconf 87' lang='lat' dir='ltr'>noctu</span> <span class='ocrx_word' id='word_1_67' title='bbox 1351 1069 1421 1111; x_wconf 87' lang='lat' dir='ltr'>hic</span> <span class='ocrx_word' id='word_1_68' title='bbox 1451 1070 1494 1111; x_wconf 90' lang='lat' dir='ltr'>in</span> <span class='ocrx_word' id='word_1_69' title='bbox 1526 1070 1629 1112; x_wconf 80' lang='lat' dir='ltr'>uia?</span> 
     </span>
    </p>

    <p class='ocr_par' dir='ltr' id='par_1_10' title="bbox 713 1150 1114 1203">
     <span class='ocr_line' id='line_1_14' title="bbox 713 1150 1114 1203; baseline -0.002 -12"><span class='ocrx_word' id='word_1_70' title='bbox 713 1150 1114 1203; x_wconf 71' lang='lat' dir='ltr'>Pamphilippus</span> 
     </span>
    </p>

    <p class='ocr_par' dir='ltr' id='par_1_11' title="bbox 168 1221 1450 1355">
     <span class='ocr_line' id='line_1_15' title="bbox 168 1221 1450 1276; baseline 0 -13"><span class='ocrx_word' id='word_1_71' title='bbox 168 1221 306 1264; x_wconf 88' lang='lat' dir='ltr'>Tanto</span> <span class='ocrx_word' id='word_1_72' title='bbox 340 1222 490 1276; x_wconf 87' lang='lat' dir='ltr'>pluris,</span> <span class='ocrx_word' id='word_1_73' title='bbox 524 1224 598 1276; x_wconf 85' lang='lat' dir='ltr'>qui</span> <span class='ocrx_word' id='word_1_74' title='bbox 631 1222 878 1272; x_wconf 78' lang='lat' dir='ltr'>defendant,</span> <span class='ocrx_word' id='word_1_75' title='bbox 911 1223 972 1264; x_wconf 89' lang='lat' dir='ltr'>ire</span> <span class='ocrx_word' id='word_1_76' title='bbox 1005 1223 1239 1265; x_wconf 85' lang='lat' dir='ltr'>aduorsnm</span> <span class='ocrx_word' id='word_1_77' title='bbox 1269 1222 1450 1264; x_wconf 87' lang='lat' dir='ltr'>iussero.</span> 
     </span>
     <span class='ocr_line' id='line_1_16' title="bbox 748 1303 1073 1355; baseline 0 -12"><span class='ocrx_word' id='word_1_78' title='bbox 748 1303 1073 1355; x_wconf 70' lang='lat' dir='ltr'>Epiynomus</span> 
     </span>
    </p>

    <p class='ocr_par' dir='ltr' id='par_1_12' title="bbox 168 1373 1440 1429">
     <span class='ocr_line' id='line_1_17' title="bbox 168 1373 1440 1429; baseline 0 -13"><span class='ocrx_word' id='word_1_79' title='bbox 168 1374 260 1416; x_wconf 88' lang='lat' dir='ltr'>Non</span> <span class='ocrx_word' id='word_1_80' title='bbox 292 1375 337 1423; x_wconf 85' lang='lat' dir='ltr'>it,</span> <span class='ocrx_word' id='word_1_81' title='bbox 370 1389 455 1416; x_wconf 91' lang='lat' dir='ltr'>non</span> <span class='ocrx_word' id='word_1_82' title='bbox 487 1375 532 1425; x_wconf 87' lang='lat' dir='ltr'>it,</span> <span class='ocrx_word' id='word_1_83' title='bbox 566 1375 669 1429; x_wconf 89' lang='lat' dir='ltr'>quia</span> <span class='ocrx_word' id='word_1_84' title='bbox 700 1380 823 1417; x_wconf 85' lang='lat' dir='ltr'>tanto</span> <span class='ocrx_word' id='word_1_85' title='bbox 856 1389 983 1428; x_wconf 89' lang='lat' dir='ltr'>opere</span> <span class='ocrx_word' id='word_1_86' title='bbox 1017 1374 1174 1417; x_wconf 82' lang='lat' dir='ltr'>suades</span> <span class='ocrx_word' id='word_1_87' title='bbox 1206 1389 1257 1416; x_wconf 91' lang='lat' dir='ltr'>ne</span> <span class='ocrx_word' id='word_1_88' title='bbox 1289 1373 1440 1417; x_wconf 86' lang='lat' dir='ltr'>ebitat.</span> 
     </span>
    </p>
   </div>
   <div class='ocr_carea' id='block_1_6' title="bbox 762 1462 1657 1566">
    <p class='ocr_par' dir='ltr' id='par_1_13' title="bbox 762 1462 1657 1566">
     <span class='ocr_line' id='line_1_18' title="bbox 762 1462 1067 1504; baseline 0 -1"><span class='ocrx_word' id='word_1_89' title='bbox 762 1462 1067 1504; x_wconf 60' lang='lat' dir='ltr'>Gelasimus</span> 
     </span>
     <span class='ocr_line' id='line_1_19' title="bbox 1457 1519 1657 1566; baseline 0.035 -6"><span class='ocrx_word' id='word_1_90' title='bbox 1457 1519 1563 1562; x_wconf 86' lang='lat' dir='ltr'>Iube</span> <span class='ocrx_word' id='word_1_91' title='bbox 1587 1531 1657 1566; x_wconf 88' lang='lat'>610</span> 
     </span>
    </p>
   </div>
   <div class='ocr_carea' id='block_1_7' title="bbox 170 1591 1620 1867">
    <p class='ocr_par' dir='ltr' id='par_1_14' title="bbox 170 1591 1620 1867">
     <span class='ocr_line' id='line_1_20' title="bbox 170 1591 1498 1647; baseline 0.001 -14"><span class='ocrx_word' id='word_1_92' title='bbox 170 1591 294 1634; x_wconf 90' lang='lat' dir='ltr'>Domi</span> <span class='ocrx_word' id='word_1_93' title='bbox 325 1592 427 1634; x_wconf 85' lang='lat' dir='ltr'>mihi</span> <span class='ocrx_word' id='word_1_94' title='bbox 460 1591 539 1634; x_wconf 92' lang='lat' dir='ltr'>tibi</span> <span class='ocrx_word' id='word_1_95' title='bbox 571 1597 759 1646; x_wconf 85' lang='lat' dir='ltr'>tuaeque</span> <span class='ocrx_word' id='word_1_96' title='bbox 792 1593 914 1634; x_wconf 81' lang='lat' dir='ltr'>uxori</span> <span class='ocrx_word' id='word_1_97' title='bbox 947 1591 1146 1634; x_wconf 85' lang='lat' dir='ltr'>celeriter</span> <span class='ocrx_word' id='word_1_98' title='bbox 1176 1605 1327 1634; x_wconf 81' lang='lat' dir='ltr'>cenam</span> <span class='ocrx_word' id='word_1_99' title='bbox 1359 1593 1498 1647; x_wconf 88' lang='lat' dir='ltr'>coqui.</span> 
     </span>
     <span class='ocr_line' id='line_1_21' title="bbox 172 1663 1393 1718; baseline 0 -12"><span class='ocrx_word' id='word_1_100' title='bbox 172 1663 215 1706; x_wconf 88' lang='lat' dir='ltr'>Si</span> <span class='ocrx_word' id='word_1_101' title='bbox 247 1664 391 1706; x_wconf 87' lang='lat' dir='ltr'>hercle</span> <span class='ocrx_word' id='word_1_102' title='bbox 422 1665 544 1714; x_wconf 81' lang='lat' dir='ltr'>faxis,</span> <span class='ocrx_word' id='word_1_103' title='bbox 578 1678 663 1706; x_wconf 88' lang='lat' dir='ltr'>non</span> <span class='ocrx_word' id='word_1_104' title='bbox 696 1665 850 1718; x_wconf 86' lang='lat' dir='ltr'>opinor</span> <span class='ocrx_word' id='word_1_105' title='bbox 882 1664 997 1706; x_wconf 88' lang='lat' dir='ltr'>dices</span> <span class='ocrx_word' id='word_1_106' title='bbox 1028 1663 1258 1718; x_wconf 88' lang='lat' dir='ltr'>deceptum</span> <span class='ocrx_word' id='word_1_107' title='bbox 1288 1663 1393 1706; x_wconf 88' lang='lat' dir='ltr'>fore.</span> 
     </span>
     <span class='ocr_line' id='line_1_22' title="bbox 285 1743 1115 1805; baseline -0.001 -20"><span class='ocrx_word' id='word_1_108' title='bbox 285 1799 290 1805; x_wconf 32' lang='lat'>¹</span> <span class='ocrx_word' id='word_1_109' title='bbox 713 1743 1115 1796; x_wconf 54' lang='lat' dir='ltr'>Pamphaeilippus</span> 
     </span>
     <span class='ocr_line' id='line_1_23' title="bbox 171 1814 1620 1867; baseline 0.001 -11"><span class='ocrx_word' id='word_1_110' title='bbox 171 1814 250 1857; x_wconf 89' lang='lat' dir='ltr'>Per</span> <span class='ocrx_word' id='word_1_111' title='bbox 280 1815 392 1857; x_wconf 86' lang='lat' dir='ltr'>hanc</span> <span class='ocrx_word' id='word_1_112' title='bbox 422 1816 502 1858; x_wconf 90' lang='lat' dir='ltr'>tibi</span> <span class='ocrx_word' id='word_1_113' title='bbox 534 1830 683 1858; x_wconf 85' lang='lat' dir='ltr'>cenam</span> <span class='ocrx_word' id='word_1_114' title='bbox 715 1818 927 1862; x_wconf 79' lang='lat' dir='ltr'>incenato.</span> <span class='ocrx_word' id='word_1_115' title='bbox 960 1815 1187 1867; x_wconf 83' lang='lat' dir='ltr'>Gelasime‚</span> <span class='ocrx_word' id='word_1_116' title='bbox 1219 1830 1314 1858; x_wconf 86' lang='lat' dir='ltr'>esse</span> <span class='ocrx_word' id='word_1_117' title='bbox 1345 1815 1473 1858; x_wconf 89' lang='lat' dir='ltr'>hodie</span> <span class='ocrx_word' id='word_1_118' title='bbox 1505 1816 1620 1858; x_wconf 87' lang='lat' dir='ltr'>licet.</span> 
     </span>
    </p>
   </div>
   <div class='ocr_carea' id='block_1_8' title="bbox 171 1896 1065 2012">
    <p class='ocr_par' dir='ltr' id='par_1_15' title="bbox 171 1896 1065 2012">
     <span class='ocr_line' id='line_1_24' title="bbox 761 1896 1065 1938; baseline -0.007 0"><span class='ocrx_word' id='word_1_119' title='bbox 761 1896 1065 1938; x_wconf 76' lang='lat' dir='ltr'>Gelasimus</span> 
     </span>
     <span class='ocr_line' id='line_1_25' title="bbox 171 1966 763 2012; baseline 0.003 -4"><span class='ocrx_word' id='word_1_120' title='bbox 171 1966 312 2009; x_wconf 84' lang='lat' dir='ltr'>Ibisne</span> <span class='ocrx_word' id='word_1_121' title='bbox 343 1967 399 2009; x_wconf 86' lang='lat' dir='ltr'>ad</span> <span class='ocrx_word' id='word_1_122' title='bbox 431 1982 581 2011; x_wconf 85' lang='lat' dir='ltr'>cenam</span> <span class='ocrx_word' id='word_1_123' title='bbox 613 1968 763 2012; x_wconf 75' lang='lat' dir='ltr'>foras?</span> 
     </span>
    </p>
   </div>
   <div class='ocr_carea' id='block_1_9' title="bbox 171 2048 1613 2501">
    <p class='ocr_par' dir='ltr' id='par_1_16' title="bbox 171 2048 1613 2501">
     <span class='ocr_line' id='line_1_26' title="bbox 712 2048 1116 2101; baseline -0.002 -10"><span class='ocrx_word' id='word_1_124' title='bbox 712 2048 1116 2101; x_wconf 52' lang='lat' dir='ltr'>Pamphilippe&amp;</span> 
     </span>
     <span class='ocr_line' id='line_1_27' title="bbox 810 2120 1613 2176; baseline 0.001 -14"><span class='ocrx_word' id='word_1_125' title='bbox 810 2120 937 2175; x_wconf 90' lang='lat' dir='ltr'>Apud</span> <span class='ocrx_word' id='word_1_126' title='bbox 968 2120 1146 2162; x_wconf 84' lang='lat' dir='ltr'>fratrem</span> <span class='ocrx_word' id='word_1_127' title='bbox 1177 2134 1282 2163; x_wconf 86' lang='lat' dir='ltr'>ceno</span> <span class='ocrx_word' id='word_1_128' title='bbox 1313 2121 1356 2163; x_wconf 91' lang='lat' dir='ltr'>in</span> <span class='ocrx_word' id='word_1_129' title='bbox 1389 2135 1613 2176; x_wconf 86' lang='lat' dir='ltr'>proxumo.</span> 
     </span>
     <span class='ocr_line' id='line_1_28' title="bbox 764 2200 1064 2242; baseline -0.003 0"><span class='ocrx_word' id='word_1_130' title='bbox 764 2200 1064 2242; x_wconf 79' lang='lat' dir='ltr'>Gelasimus</span> 
     </span>
     <span class='ocr_line' id='line_1_29' title="bbox 171 2254 525 2299; baseline 0.006 -2"><span class='ocrx_word' id='word_1_131' title='bbox 171 2254 400 2298; x_wconf 86' lang='lat' dir='ltr'>Certumne</span> <span class='ocrx_word' id='word_1_132' title='bbox 432 2257 525 2299; x_wconf 81' lang='lat' dir='ltr'>est?</span> 
     </span>
     <span class='ocr_line' id='line_1_30' title="bbox 711 2329 1118 2382; baseline 0 -11"><span class='ocrx_word' id='word_1_133' title='bbox 711 2329 1118 2382; x_wconf 65' lang='lat' dir='ltr'>Pamphzflz&#39;ppus</span> 
     </span>
     <span class='ocr_line' id='line_1_31' title="bbox 440 2385 628 2429; baseline -0.011 0"><span class='ocrx_word' id='word_1_134' title='bbox 440 2385 628 2429; x_wconf 81' lang='lat' dir='ltr'>Certum.</span> 
     </span>
     <span class='ocr_line' id='line_1_32' title="bbox 759 2458 1063 2501; baseline 0 -1"><span class='ocrx_word' id='word_1_135' title='bbox 759 2458 1063 2501; x_wconf 78' lang='lat' dir='ltr'>Gelasimus</span> 
     </span>
    </p>
   </div>
   <div class='ocr_carea' id='block_1_10' title="bbox 532 2530 1655 2585">
    <p class='ocr_par' dir='ltr' id='par_1_17' title="bbox 532 2530 1655 2585">
     <span class='ocr_line' id='line_1_33' title="bbox 532 2530 1655 2585; baseline 0.004 -12"><span class='ocrx_word' id='word_1_136' title='bbox 532 2530 694 2585; x_wconf 86' lang='lat' dir='ltr'>Edepol</span> <span class='ocrx_word' id='word_1_137' title='bbox 727 2535 769 2573; x_wconf 84' lang='lat' dir='ltr'>te</span> <span class='ocrx_word' id='word_1_138' title='bbox 801 2530 929 2573; x_wconf 89' lang='lat' dir='ltr'>hodie</span> <span class='ocrx_word' id='word_1_139' title='bbox 961 2530 1105 2585; x_wconf 87' lang='lat' dir='ltr'>lapide</span> <span class='ocrx_word' id='word_1_140' title='bbox 1138 2545 1387 2585; x_wconf 85' lang='lat' dir='ltr'>percussum</span> <span class='ocrx_word' id='word_1_141' title='bbox 1418 2532 1562 2574; x_wconf 91' lang='lat' dir='ltr'>uelim.</span> <span class='ocrx_word' id='word_1_142' title='bbox 1589 2544 1655 2578; x_wconf 87' lang='lat'>615</span> 
     </span>
    </p>
   </div>
   <div class='ocr_carea' id='block_1_11' title="bbox 172 2687 1654 2836">
    <p class='ocr_par' dir='ltr' id='par_1_18' title="bbox 172 2687 1654 2836">
     <span class='ocr_line' id='line_1_34' title="bbox 281 2687 1654 2735; baseline 0.002 -13"><span class='ocrx_word' id='word_1_143' title='bbox 281 2689 346 2722; x_wconf 82' lang='lat'>604</span> <span class='ocrx_word' id='word_1_144' title='bbox 371 2688 471 2723; x_wconf 89' lang='lat' dir='ltr'>domi</span> <span class='ocrx_word' id='word_1_145' title='bbox 495 2700 625 2725; x_wconf 79' lang='lat' dir='ltr'>cenam</span> <span class='ocrx_word' id='word_1_146' title='bbox 651 2689 684 2723; x_wconf 99' lang='lat' dir='ltr'><strong><em>A</em></strong></span> <span class='ocrx_word' id='word_1_147' title='bbox 800 2687 892 2723; x_wconf 85' lang='lat' dir='ltr'>Num</span> <span class='ocrx_word' id='word_1_148' title='bbox 920 2688 956 2723; x_wconf 91' lang='lat' dir='ltr'><strong><em>B</em></strong></span> <span class='ocrx_word' id='word_1_149' title='bbox 1059 2690 1127 2723; x_wconf 82' lang='grc'>607</span> <span class='ocrx_word' id='word_1_150' title='bbox 1151 2693 1227 2723; x_wconf 88' lang='lat' dir='ltr'>tum</span> <span class='ocrx_word' id='word_1_151' title='bbox 1254 2689 1324 2735; x_wconf 79' lang='lat' dir='ltr'>BG</span> <span class='ocrx_word' id='word_1_152' title='bbox 1452 2690 1520 2725; x_wconf 84' lang='lat'>608</span> <span class='ocrx_word' id='word_1_153' title='bbox 1545 2702 1654 2734; x_wconf 88' lang='lat' dir='ltr'>quam</span> 
     </span>
     <span class='ocr_line' id='line_1_35' title="bbox 172 2742 1654 2792; baseline 0.001 -14"><span class='ocrx_word' id='word_1_154' title='bbox 172 2742 392 2779; x_wconf 69' lang='lat' dir='ltr'>afflictentur</span> <span class='ocrx_word' id='word_1_155' title='bbox 481 2747 549 2780; x_wconf 87' lang='grc'>609</span> <span class='ocrx_word' id='word_1_156' title='bbox 572 2746 710 2790; x_wconf 79' lang='lat' dir='ltr'>plureis</span> <span class='ocrx_word' id='word_1_157' title='bbox 738 2746 771 2779; x_wconf 83' lang='lat' dir='ltr'><strong><em>A</em></strong></span> <span class='ocrx_word' id='word_1_158' title='bbox 864 2746 932 2780; x_wconf 86' lang='lat'>610</span> <span class='ocrx_word' id='word_1_159' title='bbox 956 2757 1000 2780; x_wconf 87' lang='lat' dir='ltr'>ne</span> <span class='ocrx_word' id='word_1_160' title='bbox 1027 2750 1067 2780; x_wconf 88' lang='lat' dir='ltr'>tu</span> <span class='ocrx_word' id='word_1_161' title='bbox 1091 2746 1208 2781; x_wconf 72' lang='lat' dir='ltr'>ebitas</span> <span class='ocrx_word' id='word_1_162' title='bbox 1234 2747 1267 2781; x_wconf 87' lang='lat' dir='ltr'><strong><em>A</em></strong></span> <span class='ocrx_word' id='word_1_163' title='bbox 1361 2749 1424 2781; x_wconf 87' lang='lat'>611</span> <span class='ocrx_word' id='word_1_164' title='bbox 1454 2747 1595 2792; x_wconf 79' lang='lat' dir='ltr'>tibique</span> <span class='ocrx_word' id='word_1_165' title='bbox 1622 2748 1654 2780; x_wconf 88' lang='lat' dir='ltr'><strong><em>A</em></strong></span> 
     </span>
     <span class='ocr_line' id='line_1_36' title="bbox 172 2800 461 2836; baseline 0.01 -2"><span class='ocrx_word' id='word_1_166' title='bbox 172 2800 237 2834; x_wconf 81' lang='lat'>615</span> <span class='ocrx_word' id='word_1_167' title='bbox 262 2800 407 2836; x_wconf 74' lang='lat' dir='ltr'>Centum</span> <span class='ocrx_word' id='word_1_168' title='bbox 433 2805 461 2836; x_wconf 75' lang='lat' dir='ltr'>C</span> 
     </span>
    </p>
   </div>
  </div>
 </body>
</html>
