2009 3218
832 213 873 248 V.
899 214 1089 248 469-496.
1546 225 1556 235 ·
1625 215 1705 254 443

227 342 412 390 ndornn“,
445 346 483 381 et
513 345 552 381 in
584 343 780 394 plerisque
812 355 957 390 eorum,
989 355 1074 393 quoe
1107 343 1220 380 ntluli
1255 342 1301 380 nd
1335 341 1437 380 Men.
1473 345 1552 381 865
1587 347 1627 382 et
1657 345 1705 383 ad

226 414 333 453 Asin.
365 413 465 459 697,
503 410 570 449 ubi
602 410 681 450 haec
712 412 874 462 scripsi:
912 411 1099 458 „Plautus
1131 411 1327 449 interdum
1360 424 1430 461 per
1461 412 1706 462 copulativae

226 482 515 520 coniunctiones
547 479 719 517 membra
751 481 953 529 coniungit
984 480 1146 517 diversae
1177 482 1398 527 strueturae,
1431 479 1497 517 ubi
1522 493 1591 519 nos
1617 494 1705 519 con-

224 550 460 588 iunctionem
491 547 626 586 abesse
657 544 900 586 mallemus“.
970 547 1049 584 Nec
1080 547 1161 584 fere
1194 547 1271 584 alia
1302 547 1403 585 ratio
1436 552 1494 586 est
1525 550 1704 587 coniunc-

223 617 340 656 tionis
368 612 535 666 „atque“
562 616 601 653 in
632 617 678 653 iis
708 616 817 664 locis,
848 629 946 666 quos
970 615 1357 653 commemoravimus
1383 616 1432 654 ad
1448 616 1589 667 Amph.
1609 618 1702 656 948.

224 705 276 712 -
305 685 399 723 481.
440 680 591 731 Ονθτῖο,
624 684 727 734 quod
759 697 798 722 se
829 686 965 721 contra
996 696 1141 721 morem
1172 696 1283 720 suum
1315 684 1389 720 iam
1421 685 1549 723 facere
1580 699 1706 737 nuper

222 754 382 792 miratus
420 756 504 790 erat
543 753 621 790 475
662 765 719 802 sq.
767 772 820 777 -—
874 748 990 792 Unde
1027 748 1120 800 assis
1158 747 1224 789 te?
1269 751 1314 790 cf.
1349 753 1441 790 217.
1516 753 1576 791 Ad
1622 754 1704 792 haec

221 834 372 872 quoque
403 821 618 870 respondet
654 816 786 858 Credo
818 816 907 867 tibi,
940 833 1027 857 nam
1060 821 1098 857 in
1132 820 1203 858 hoc
1234 821 1354 859 verbo
1386 821 1599 871 repetendo
1629 822 1703 860 sibi

221 891 350 941 placet
378 890 525 926 comica
564 890 739 935 ratione,
785 893 830 926 ut
861 888 960 926 Rud.
999 889 1103 926 1199
1136 902 1220 938 sqq.
1259 886 1434 936 ,‚Licet“,
1480 891 1584 928 1256
1617 903 1701 940 sqq.

224 955 419 1005 „Censeo“
453 956 666 994 identidem
700 957 913 1006 repetitur,
960 970 1029 994 nec
1070 969 1184 1006 quam
1225 957 1328 994 clare
1369 958 1606 1007 respondeat
1637 960 1704 996 ad-

219 1027 375 1064 modum
416 1028 538 1064 curat.
608 1024 836 1074 Respondet
866 1029 997 1063 tamen
1029 1026 1197 1074 quodam
1230 1025 1364 1073 mod03
1410 1027 1516 1064 venit
1549 1027 1650 1064 enim
1681 1041 1704 1066 a

219 1095 468 1143 magistratu,
523 1094 628 1143 apud
667 1106 782 1143 quem
829 1093 1136 1131 Lemniselenam
1182 1095 1364 1132 liberavit
1412 1090 1549 1144 (473),
1597 1095 1703 1145 quod

219 1168 333 1203 antea
356 1163 482 1200 facere
506 1162 700 1209 noluerat,
732 1175 849 1211 quum
875 1162 1015 1200 Toxilo
1039 1164 1212 1212 pretium
1240 1163 1400 1200 credere
1426 1176 1502 1200 non
1527 1164 1701 1211 auderet,

218 1234 292 1271 iam
325 1234 489 1279 argento
521 1233 679 1281 accepto
710 1230 814 1268 fecit.
875 1230 955 1267 Nec
979 1230 1157 1269 Mueller.
1184 1231 1346 1269 Prosod.
1380 1245 1417 1282 p.
1453 1233 1532 1270 632
1564 1246 1633 1270 nec
1660 1247 1700 1271 ·v.

217 1300 404 1351 Ijsendijk
427 1314 465 1350 p.
486 1300 537 1337 34
569 1299 696 1337 locum
719 1299 1010 1337 intellexeruut.
1037 1320 1090 1324 —
1116 1300 1210 1337 482.
1243 1295 1336 1338 Eho
1361 1310 1427 1346 cm,
1461 1314 1484 1338 v
1515 1301 1562 1339 ad
1582 1302 1699 1340 Most.

221 1371 309 1408 173.
341 1389 396 1394 —
427 1369 520 1407 483.
554 1367 700 1406 auctus
729 1369 812 1406 sine
848 1365 938 1415 „es“
965 1369 1012 1406 A.
1037 1388 1091 1393 —
1122 1364 1292 1415 Em'cas,
1324 1383 1358 1407 v.
1388 1369 1437 1406 ad
1460 1371 1569 1408 Asin.
1606 1372 1698 1409 392.

216 1439 379 1476 —484.
410 1437 468 1474 Ne
498 1437 686 1474 iambicus
717 1449 851 1474 versus
882 1436 1075 1474 trochaeos
1107 1438 1426 1487 interrumperet,
1458 1437 1564 1476 Brix.
1587 1436 1696 1487 ‚,me“

215 1505 380 1545 delebat.
440 1505 485 1542 In
525 1507 557 1542 A
598 1509 773 1543 extremo
811 1506 942 1544 versui
980 1505 1130 1554 aliquid
1171 1505 1347 1543 additum
1386 1510 1456 1544 est.
1527 1507 1571 1544 R.
1609 1508 1699 1554 „ob-

216 1571 349 1613 secro“
382 1573 562 1622 legebat,
607 1573 710 1623 quod
743 1574 774 1610 si
805 1574 861 1611 ita
891 1578 968 1621 est,
1014 1574 1248 1624 simpliciter
1287 1574 1490 1612 delendum
1531 1579 1591 1613 est
1630 1589 1699 1614 nec

214 1657 286 1694 pro
325 1644 429 1680 exitu
467 1641 664 1692 deperditi
702 1655 836 1680 versus
877 1642 1120 1688 habendum,
1167 1643 1234 1692 qui
1274 1644 1432 1680 omnino
1478 1657 1553 1682 non
1599 1644 1698 1682 desi-

214 1711 384 1750 deratur.
446 1710 570 1761 Gepp.
589 1710 700 1749 Stud.
726 1711 763 1748 Π
786 1724 824 1762 p.
851 1712 902 1749 82
932 1709 1047 1761 „pol“
1082 1711 1249 1761 legebat,
1282 1711 1386 1761 quod
1411 1725 1495 1749 cum
1520 1713 1698 1763 proximo

213 1793 325 1818 versu
360 1780 397 1828 „i
428 1779 500 1817 ad“
534 1781 675 1828 iungit.
716 1800 771 1804 —
808 1780 902 1817 485.
950 1776 976 1818 1
1011 1777 1066 1818 ad
1093 1776 1256 1828 [ωαψς
1298 1791 1318 1818 e
1339 1780 1535 1828 praetore
1566 1782 1610 1819 A.
1644 1801 1698 1806 —

214 1849 306 1886 487.
339 1845 560 1899 quoiquam
590 1845 701 1898 quod
730 1848 880 1896 Lamb„
913 1861 956 1886 ac
987 1849 1236 1886 consentiunt
1266 1849 1436 1897 vestigia
1452 1850 1498 1886 A.
1524 1869 1577 1874 —
1603 1850 1697 1888 490.

213 1914 348 1955 istanc
372 1919 417 1954 A.
442 1937 496 1942 —
528 1914 688 1954 instare
718 1916 823 1967 apud
854 1915 1036 1954 Plautum
1067 1920 1147 1955 tam
1179 1930 1265 1954 cum
1297 1916 1430 1954 dativo
1462 1931 1578 1967 quam
1611 1931 1695 1956 cum

213 1987 431 2024 accusativo
463 1986 650 2033 iungitur,
683 1999 718 2023 v.
751 1984 863 2023 Cure.
900 1986 992 2023 376.
1039 1985 1142 2024 Men.
1180 1987 1272 2024 339.
1318 1985 1434 2024 Poen.
1461 1987 1554 2024 917.
1595 1986 1697 2024 infra

215 2055 305 2092 512.
337 2073 392 2078 —
424 2055 517 2092 491.
552 2048 803 2092 occultabant
835 2051 981 2101 (licere,
1014 2054 1036 2090 i.
1063 2067 1096 2092 e.
1121 2067 1168 2092 ne
1198 2053 1388 2101 dicerem3
1422 2054 1469 2092 cf.
1497 2054 1545 2092 ad
1563 2054 1694 2094 Aulul.

215 2123 305 2161 333.
337 2142 390 2148 —
422 2132 530 2159 mmo
560 2132 647 2160 eccm
678 2117 867 2169 narrabo,
897 2122 1155 2172 parentliesiS‚
1188 2135 1223 2159 v.
1251 2121 1299 2160 ad
1324 2123 1433 2160 Asin.
1453 2124 1547 2161 781.
1587 2123 1694 2161 Trin.

217 2190 307 2228 125.
360 2189 481 2228 Stich.
518 2191 609 2228 368.
664 2190 771 2228 Trin.
809 2192 927 2228 1019.
1001 2190 1155 2229 Nonius
1194 2205 1231 2241 p.
1265 2192 1364 2228 210:
1416 2190 1695 2238 ‚‚Luerum...

212 2258 412 2296 masculini
445 2260 599 2307 generis
623 2259 786 2296 Plautus
810 2258 946 2296 Persa:
979 2273 1082 2296 nunc
1112 2272 1155 2296 ea
1185 2261 1364 2306 narrabo,
1395 2260 1498 2297 unde
1529 2263 1573 2297 tu
1603 2273 1694 2311 per-

212 2326 394 2374 grandem
420 2327 570 2365 lucrum
596 2325 758 2365 faeias“.
786 2346 834 2352 —
862 2328 955 2365 492.
984 2323 1157 2365 Faciam
1179 2328 1228 2365 ut
1251 2341 1387 2365 versus
1411 2341 1527 2366 causa
1550 2328 1697 2365 delevit

211 2393 277 2442 R.;
323 2408 392 2445 ego
423 2395 541 2432 malui
571 2392 696 2433 uiuus
726 2396 766 2432 in
797 2396 1019 2446 proximum
1051 2409 1205 2434 versum
1244 2396 1477 2444 transferre,
1526 2397 1593 2446 qui
1624 2396 1696 2434 hoc

211 2462 312 2500 facto
356 2476 471 2501 sanus
516 2467 594 2510 est3
641 2477 710 2501 nec
756 2463 871 2501 aliter
908 2463 1165 2502 Studemund.
1198 2451 1308 2502 Cant.
1350 2477 1387 2514 p.
1423 2465 1459 2502 3.
1500 2484 1552 2489 -
1599 2464 1693 2502 493.

211 2529 404 2569 Dordalus
442 2532 540 2570 bene
581 2531 695 2570 dictis
735 2533 816 2569 eius
852 2545 990 2582 parum
1031 2531 1212 2579 confidit,
1256 2533 1330 2570 nisi
1369 2532 1465 2570 bene
1502 2533 1695 2571 factorum

211 2599 396 2638 auxilium
428 2601 599 2638 accedat.
634 2620 688 2626 —-
728 2601 823 2638 494.
864 2601 943 2648 Ita,
981 2601 1129 2651 inquit,
1167 2601 1420 2651 promeruisti
1451 2600 1499 2638 de
1529 2613 1609 2648 me,
1651 2605 1695 2639 ut

210 2668 350 2706 merito
380 2667 454 2706 tibi
484 2668 583 2706 bene
614 2669 766 2706 faciam.
792 2688 844 2694 —
879 2670 958 2706 495
991 2670 1272 2719 anapaesticum
1305 2669 1569 2718 septenarium
1600 2669 1695 2706 facit

212 2733 392 2786 Spengel.
425 2740 605 2787 correpta
636 2737 763 2774 media
793 2737 899 2774 vocis
928 2734 1144 2785 „tabellas“
1173 2741 1211 2774 et
1237 2736 1472 2787 „pellegito“
1508 2736 1692 2775 scribens.

210 2820 263 2828 —
304 2805 398 2842 496.
431 2804 499 2842 R.:
551 2805 618 2852 „In
650 2805 866 2842 litterarum
900 2806 1049 2856 spatia,
1090 2818 1175 2856 quae
1206 2810 1295 2855 post.
1325 2802 1427 2843 milei
1457 2808 1547 2842 sunt
1577 2807 1615 2841 in
1646 2806 1690 2854 A,
