2009 3218
361 208 441 246 552
1028 203 1188 239 Stichus.

358 352 414 357 —
452 333 545 369 688.
585 331 708 369 Stichi
739 345 879 369 nomen
909 332 1073 382 praefixi.
1105 351 1161 357 —-
1197 328 1504 380 ministr-emm,
1544 333 1590 371 cf.
1623 333 1699 372 Cic.
1732 334 1841 373 Verr.
1891 311 1905 325 ’μ
1925 330 1934 334 ‘

357 399 427 447 III,
460 400 524 446 44,
561 400 659 436 105:
708 412 852 449 „quum
892 401 930 437 in
969 401 1016 436 iis
1055 401 1242 437 conviviis
1273 400 1504 450 symphonia
1537 405 1694 439 caneret
1723 404 1843 440 maxi·
1890 392 1896 406 ’

360 468 511 516 misque
543 467 692 516 poculis
724 464 1056 504 ministraretur“.
1124 467 1254 505 Pison.
1289 470 1360 516 27,
1401 469 1470 505 67:
1523 468 1695 516 „bibitur
1723 483 1844 520 usque
1900 455 1904 459 ¹

361 547 424 581 eo,
465 533 556 571 dum
595 534 643 571 de
673 534 771 571 solio
803 532 1089 573 ministretur“.
1130 554 1184 560 --
1224 532 1488 583 monotrophi
1525 535 1716 585 Scaliger,
1753 537 1778 574 i.
1810 550 1841 574 e.

360 602 454 647 soli,
493 602 539 638 cf.
573 601 673 639 Plat.
707 602 821 639 Polit.
854 615 893 652 p.
928 603 1004 640 261
1040 602 1094 640 D:
1142 604 1202 648 τὴν
1231 604 1299 640 τῶν
1330 604 1425 646 ζώων
1455 604 1588 653 τροφῆν
1616 604 1677 648 τήν
1705 604 1767 652 μέν
1795 619 1846 647 τις

361 670 403 706 ἂν
432 670 501 706 ἴδοι
537 672 777 719 μονοτροφιάν
817 665 945 713 οὖσαν,
983 671 1043 716 τὴν
1074 671 1110 707 δὲ
1141 673 1258 717 κοινὴν
1289 672 1356 707 τῶν
1387 675 1422 707 ἐν
1451 674 1526 712 ταῖς
1557 671 1702 720 ἀγέλαις
1731 674 1844 721 θρεμ-

358 739 478 786 μάτων
509 739 720 786 ἐπιμέλειαν.
786 738 844 775 De
875 737 1004 775 Strab.
1035 738 1109 785 III,
1147 741 1190 788 3,
1225 741 1247 777 6
1281 752 1344 777 res
1376 738 1496 777 dubia
1528 744 1604 786 est,
1646 754 1682 777 v.
1713 739 1843 778 Madv.

361 805 525 842 Advers.
565 807 651 844 crit.
691 806 710 843 I
746 818 784 854 p.
820 806 912 843 533.
982 805 1049 843 R.:
1101 804 1373 857 ,‚monotr0pi“
1414 811 1460 844 ut
1490 807 1689 844 Plutarch.
1722 806 1842 845 Sanit.

361 877 546 923 praecept.
580 875 643 912 23.
707 873 886 911 Fratern.
921 886 1041 910 amor.
1077 875 1112 912 3.
1183 875 1327 920 Quaest.
1360 889 1469 913 conv.
1498 875 1567 922 IV,
1611 877 1650 921 1,
1695 877 1738 922 2,
1776 875 1847 923 12·,

361 941 431 978 sed
467 942 648 979 mutandi
678 943 785 979 nulla
823 943 942 988 ratio,
988 941 1055 978 ubi
1092 956 1170 979 non
1211 956 1335 980 mores
1376 938 1542 992 (τρόπος)
1582 941 1847 991 significantur

362 1009 541 1056 solitarii,
574 1010 642 1047 sed
671 1010 798 1047 victus
830 1005 990 1059 (τροφή).
1029 1030 1084 1035 ——
1125 1011 1218 1047 689.
1251 1007 1503 1048 commodule
1534 1015 1614 1055 est,
1654 1011 1680 1048 i.
1715 1024 1746 1047 e.
1777 1010 1844 1047 ha-

362 1075 489 1114 betur.
562 1078 607 1115 R.
655 1077 1004 1124 ,‚comm0dulum“.
1054 1097 1102 1102 -
1149 1072 1327 1124 fabulis,
1374 1080 1399 1116 i.
1442 1092 1473 1116 e.
1514 1078 1627 1116 fabis.
1703 1077 1848 1116 Similis

362 1145 573 1192 frugalitas
610 1147 649 1182 in
688 1145 859 1183 secunda
895 1159 1028 1182 mensa
1065 1158 1100 1183 v.
1137 1146 1231 1183 Hor.
1266 1146 1346 1184 Sat.
1382 1146 1431 1194 II,
1466 1148 1501 1192 2,
1538 1147 1629 1184 122.
1662 1166 1716 1171 —
1753 1146 1844 1184 690.

361 1213 442 1250 Iam
490 1227 567 1250 non
613 1216 690 1263 ipsi
734 1214 883 1250 fructus
929 1218 1226 1260 enumerantur,
1282 1214 1349 1251 sed
1404 1215 1551 1252 cibaria
1599 1214 1689 1250 inde
1733 1213 1846 1262 facta,

363 1282 534 1319 crustula
574 1285 613 1318 et
651 1281 812 1328 similia,
853 1295 900 1318 ne
941 1282 1094 1319 mireris
1132 1283 1171 1318 in
1216 1282 1453 1330 singularem
1497 1295 1699 1319 numerum
1744 1284 1847 1319 tran-

363 1351 443 1387 siri.
519 1348 593 1386 Sed
639 1351 767 1399 prima
813 1353 1000 1399 corrupta
1045 1353 1146 1386 sunt.
1224 1350 1392 1387 Turneb.
1440 1351 1549 1397 „olea
1595 1351 1635 1387 in
1672 1346 1842 1399 tryblio“

363 1430 450 1463 em„
481 1417 526 1455 R.
563 1417 696 1464 „oleae
726 1415 912 1466 tryblio“,
949 1417 1083 1455 Goetz.
1120 1418 1253 1466 „oleis,
1286 1417 1519 1464 intubulo“;
1552 1431 1634 1468 ego,
1666 1418 1698 1454 si
1731 1416 1846 1454 auda·
1903 1411 1909 1416 ’

364 1486 423 1522 cia
452 1490 691 1535 suppeteret,
724 1486 933 1523 scriberem
968 1486 1103 1534 „oleae
1134 1483 1374 1532 intertrito“,
1408 1487 1519 1536 quasi
1552 1487 1703 1532 intrito,
1735 1497 1846 1523 voca-

362 1553 454 1590 bulo
485 1567 608 1600 novo,
656 1554 723 1591 sed
761 1557 865 1591 recte
904 1554 1093 1601 formato,
1141 1556 1166 1592 i.
1199 1568 1230 1591 e.
1264 1554 1361 1591 oleis
1401 1554 1589 1600 conditis,
1637 1554 1684 1591 cf.
1716 1553 1847 1591 Caton.

364 1621 409 1659 R.
428 1621 472 1659 R.
500 1622 596 1659 117:
634 1622 776 1667 ..Oleae
809 1622 920 1660 albae
951 1623 1274 1671 quemadmodum
1308 1623 1552 1660 condiantur.
1615 1623 1713 1659 Ante
1737 1633 1848 1671 quam

363 1691 498 1737 nigrae
543 1690 648 1736 fiant,
696 1690 990 1728 contundantur
1036 1694 1074 1727 et
1118 1692 1157 1728 in
1204 1704 1343 1740 aquam
1391 1690 1620 1727 deiciantur.
1705 1688 1850 1727 Crebro

364 1771 504 1807 aquam
535 1761 672 1803 mutet,
705 1758 855 1806 deinde,
885 1759 954 1796 ubi
985 1760 1079 1796 satis
1110 1763 1327 1795 maceratae
1360 1761 1486 1804 erunt,
1520 1759 1712 1807 exprimat
1743 1759 1782 1794 et
1810 1757 1849 1793 in

367 1832 519 1864 acetum
564 1827 731 1864 coniciat
778 1831 817 1864 et
862 1827 990 1864 oleum
1036 1826 1174 1874 addat3
1227 1827 1320 1863 salis
1373 1826 1554 1864 selibram
1599 1827 1639 1863 in
1682 1824 1850 1861 modium

366 1895 558 1939 olearum,
604 1895 814 1932 feniculum
857 1899 895 1931 et
940 1895 1144 1932 lentiscum
1184 1908 1358 1933 seorsum
1401 1894 1543 1932 condat
1579 1894 1619 1930 iu
1658 1887 1847 1930 acetum“.

367 1961 491 1999 SimiJi
523 1963 638 2000 modo
671 1977 718 2000 ex
750 1959 932 2012 lapillis,
965 1964 989 2000 i.
1023 1977 1054 2000 e.
1087 1963 1250 2012 lupinis,
1284 1959 1545 2001 comminutis
1577 1965 1615 1998 et
1646 1959 1850 1998 maceratis

366 2031 557 2080 placentae
588 2042 709 2079 genus
742 2032 877 2079 fiebat,
926 2044 1003 2081 quo
1043 2044 1162 2080 quum
1194 2031 1312 2078 vulgo
1354 2031 1401 2068 ad
1433 2030 1549 2067 boves
1581 2029 1740 2066 alendos
1769 2031 1850 2065 ute-

366 2102 525 2145 rentur,
565 2113 600 2136 v.
633 2098 780 2136 Colum.
813 2099 860 2146 ΙΙ,
898 2101 959 2138 10.
1006 2100 1126 2138 Poen.
1161 2100 1259 2145 597,
1302 2099 1364 2136 hic
1396 2099 1513 2134 etiam
1545 2109 1744 2134 servorum
1772 2094 1850 2132 fru-

367 2167 510 2217 galitas
541 2170 724 2205 contenta
754 2171 824 2205 est.
858 2187 911 2192 --
943 2169 1018 2206 691
1054 2167 1169 2204 affert
1198 2166 1348 2204 Nonius
1378 2180 1416 2216 p.
1443 2167 1519 2205 511
1554 2165 1628 2202 sic:
1680 2167 1765 2210 „sat
1794 2165 1853 2200 est

368 2237 473 2272 serui
520 2235 666 2272 homini
720 2236 896 2273 modeste
941 2236 1069 2272 facere
1113 2240 1312 2284 sumptum
1360 2247 1474 2284 quam
1519 2230 1740 2282 ampliter“,
1784 2229 1851 2268 ubi

368 2306 473 2340 recte
502 2301 687 2350 ‚,melius“
719 2305 926 2341 omittitur.
974 2300 1139 2342 Satin-St
1152 2303 1198 2341 R.
1245 2299 1446 2351 ampliter,
1479 2315 1514 2339 v.
1535 2301 1583 2339 ad
1600 2300 1738 2338 Bacch.
1758 2299 1848 2337 674.

368 2391 423 2396 -·-
455 2372 548 2409 692.
581 2368 762 2419 scaphiis
793 2371 923 2418 Both.,
956 2387 991 2410 v.
1025 2371 1073 2409 ad
1104 2371 1242 2409 Bacch.
1278 2372 1349 2418 68;
1381 2370 1560 2420 ἀργυροῦν
1591 2368 1708 2406 habet
1729 2366 1849 2405 Athe·

369 2452 475 2477 naeus
507 2439 558 2476 IV
589 2453 626 2489 p.
665 2441 741 2477 142
775 2440 809 2476 d.
851 2459 903 2464 -—-
944 2441 1037 2478 693.
1084 2435 1272 2477 Ratiocis
1310 2439 1448 2488 scripsi
1487 2451 1572 2475 cum
1612 2436 1764 2474 Loewio
1804 2447 1850 2471 ex

368 2508 590 2556 glossariis,
638 2521 673 2545 v.
706 2508 909 2546 Prodrom.
941 2523 979 2559 p.
1015 2509 1106 2545 276.
1174 2508 1321 2556 βατιάκη
1361 2510 1399 2544 et
1435 2507 1614 2555 βατιάκιον
1652 2507 1710 2541 est
1746 2499 1849 2552 apud

368 2576 596 2613 Athenaeum
627 2575 683 2612 XI
714 2590 751 2625 p.
785 2577 864 2613 784
897 2590 935 2614 a:
982 2577 1140 2625 Περσικὴ
1172 2576 1208 2612 δὲ
1239 2576 1347 2622 φιάλη
1379 2575 1397 2621 ἡ
1426 2570 1850 2623 βατιάκη....βατιάκαι

370 2644 527 2693 ἀργυραῖ
555 2644 773 2690 κατάχρυσοι
806 2647 906 2693 τρεῖς,
938 2644 982 2681 cf.
1010 2657 1046 2694 p.
1067 2645 1147 2681 480
1173 2657 1205 2681 n.
1234 2644 1313 2681 497
1338 2643 1362 2681 f.
1425 2643 1578 2679 Batiola
1602 2653 1664 2690 ap.
1682 2639 1847 2677 Nonium

368 2725 406 2762 p.
428 2713 526 2750 545:
564 2711 750 2759 „Plautus
784 2712 938 2750 Colace:
972 2711 1159 2749 batiolam
1192 2725 1348 2749 auream
1380 2714 1466 2747 octo
1490 2709 1620 2760 pondo
1644 2699 1847 2745 habebat“.

369 2799 424 2805 -—
457 2775 598 2818 bibunt
634 2781 891 2830 posteriorem
932 2781 1113 2829 corripit,
1163 2793 1232 2817 nec
1272 2784 1331 2816 est
1368 2778 1474 2827 quod
1511 2777 1674 2815 tollatur
1704 2774 1756 2812 at.
1797 2790 1850 2799 --
