2009 3218
176 216 218 260 V,
244 217 374 251 22-81
795 215 1047 250 Trucunentns.
1576 221 1657 259 405

742 340 1087 383 Phronesium

175 414 329 468 Accipe
360 413 442 454 hoc
474 415 606 466 atque
640 411 808 454 auferto
840 414 968 454 intro.

802 503 1035 546 Strabax

928 574 1011 616 Ubi
1044 589 1134 616 mea
1167 577 1305 617 amica
1337 583 1402 618 est
1434 579 1656 630 gentium?

171 647 318 701 Neque
337 647 427 688 ruri
445 661 584 701 neque
604 647 672 689 hic
691 648 831 702 operis
857 648 1089 701 quicquam
1115 647 1248 698 faci0;
1279 663 1533 703 corrumpor
1560 652 1657 692 situ.

170 719 238 762 Ita
269 719 399 760 miser
429 718 626 761 cubando
659 719 701 760 in
732 719 844 761 lecto
875 719 945 760 hic
977 720 1270 773 exspectando
1303 721 1501 763 obdurui.
1593 735 1659 768 906

171 791 254 834 Sed
286 804 430 833 eccam
462 791 602 833 uideo.
663 790 780 833 Heus
812 792 965 841 amica,
992 788 1100 845 'quid
1133 792 1257 845 agis?

720 881 1116 935 Stratophanes

1155 954 1262 1004 Quis
1293 955 1381 997 illic
1412 959 1471 997 est
1500 956 1656 999 homo?

734 1044 1086 1088 Phronesium

174 1116 308 1167 Quem
339 1130 416 1170 ego
449 1122 622 1159 ecastor
652 1131 773 1171 mage
806 1132 901 1159 amo
932 1118 1061 1159 multo
1093 1132 1221 1172 quam
1253 1122 1309 1160 te.

708 1209 1111 1263 Stratophanes

1045 1281 1181 1332 Quam
1214 1282 1309 1323 me‘?
1371 1282 1463 1332 Quo
1495 1283 1653 1325 modo?

729 1360 1082 1403 Phronesium

110 1485 114 1489 .
166 1431 260 1475 Hoc
289 1432 431 1482 modo,
464 1437 512 1474 ut
544 1433 750 1475 molestus
782 1447 834 1474 ne
867 1433 939 1475 sis.

707 1512 1102 1566 Stratophanes

715 1585 861 1627 Iamne
890 1585 985 1627 abis
1017 1591 1114 1639 post
1145 1600 1274 1640 quam
1306 1601 1457 1628 aurum
1491 1587 1652 1630 habes?

728 1672 1081 1715 Phronesium

166 1740 346 1785 Condidi
377 1744 490 1786 intro
522 1744 636 1799 quod
669 1744 840 1786 dedisti.

786 1828 1020 1870 Strabax

836 1901 946 1943 Ades
977 1907 1035 1948 tu,
1069 1902 1226 1954 amica3
1258 1907 1300 1943 te
1332 1902 1556 1957 adloquor.
1583 1915 1651 1948 910

727 1992 1079 2034 Phronesium

94 2067 98 2071 '
166 2063 221 2104 At
254 2077 332 2117 ego
365 2063 421 2105 ad
451 2068 495 2105 te
527 2063 657 2115 ibam,
691 2078 786 2106 mea
817 2064 984 2106 delicia.

789 2159 1023 2201 Strabax

1032 2231 1185 2274 Hercle
1218 2247 1322 2275 uero
1355 2234 1480 2284 serio,

165 2301 433 2357 Quamquam
464 2317 541 2357 ego
558 2304 652 2345 -tibi
685 2304 838 2345 uideor
865 2303 1035 2355 stultus,
1067 2305 1254 2358 gaudere
1280 2305 1415 2359 aliqui
1439 2320 1506 2348 me
1534 2307 1646 2348 uolo.

164 2371 272 2415 Nam
305 2388 568 2429 quamquam
601 2390 646 2417 es
674 2375 800 2427 bella,
836 2376 948 2418 malo
973 2382 1047 2418 tuo
1072 2390 1128 2425 es,
1160 2377 1240 2419 nisi
1266 2391 1379 2419 nunc
1405 2391 1482 2431 ego
1510 2378 1646 2432 aliqui

1108 2448 1288 2502 gaudeo.
1465 2459 1468 2461 ’

274 2583 340 2617 904
365 2595 422 2617 me
505 2583 665 2618 centium
759 2585 826 2618 905
850 2583 949 2618 facto
1043 2585 1110 2618 907
1135 2584 1266 2619 Sideca
1289 2583 1325 2619 Β
1415 2585 1568 2619 amicam

164 2638 240 2684 agis
263 2639 362 2674 mille
387 2640 469 2685 quis
493 2639 567 2675 illic
592 2640 703 2674 homo
797 2641 864 2674 908
889 2644 1013 2675 castor
1039 2641 1068 2676 Ο
1157 2653 1224 2685 age
1341 2642 1455 2676 multo
1481 2651 1546 2676 om.

165 2705 236 2740 qua
258 2707 317 2731 me
341 2696 377 2731 Β
457 2698 524 2732 909
547 2698 618 2732 iam
701 2709 788 2732 auru
816 2697 851 2731 Β
934 2698 1072 2732 habens
1100 2697 1135 2740 C,
1162 2699 1239 2733 abis
1265 2698 1301 2734 B
1378 2700 1446 2733 910
1471 2698 1574 2733 adest
1598 2698 1646 2739 Β,

108 2795 111 2797 ‚
164 2751 269 2788 abest
294 2753 324 2788 G
441 2754 504 2788 911
531 2754 593 2788 ibo
619 2753 665 2789 ad
688 2765 746 2788 me
773 2754 903 2788 delicia
1017 2756 1084 2789 912
1108 2755 1224 2790 saltus
1251 2755 1280 2791 Ο
1388 2757 1454 2790 913
1479 2760 1534 2790 est

163 2811 228 2844 tuo
250 2809 320 2844 nisi
343 2814 384 2845 tu
408 2821 478 2855 ego
