2009 3218
344 195 424 234 296
1019 188 1138 222 Plauti
1537 185 1613 230 ΠΙ,
1639 187 1672 229 2,
1697 187 1828 240 537-71

917 314 1254 356 Lesbonicus

345 388 488 431 Facile
506 393 573 429 est
595 388 798 438 inuentu;
830 386 960 428 datur
983 386 1108 438 ignis,
1134 384 1308 427 tametsi
1334 383 1388 425 ab
1406 385 1580 426 inimico
1605 389 1739 437 petas.
1766 395 1830 429 681

346 461 427 502 Sed
459 465 506 501 tu
537 458 773 511 obiurgans
805 471 870 499 me
903 472 929 499 a
960 457 1152 510 peccatis
1182 456 1302 510 rapis
1334 455 1592 497 deteriorem
1623 456 1666 496 in
1699 456 1828 497 uiam.

345 531 487 574 Meam
519 544 711 572 sororem
742 529 821 571 tibi
854 529 950 570 dem
982 527 1140 569 suades
1172 528 1263 569 sine
1297 528 1408 569 dote.
1468 527 1582 578 Aha,
1615 540 1698 568 non
1732 539 1832 568 oon-

1295 599 1416 641 uenit

346 674 429 725 Me,
461 674 535 728 qui
559 672 720 715 abusus
748 687 843 714 sum
869 676 1037 714 tantam
1068 685 1158 712 rem
1191 671 1391 725 patriam,
1423 683 1550 723 porro
1582 671 1625 711 in
1657 669 1835 722 diuitiis,

347 747 454 789 Esse
486 758 722 799 agrumque
754 744 932 795 habere,
973 756 1099 795 egere
1130 743 1250 784 illam
1283 747 1446 791 autem,
1493 746 1543 783 ut
1579 755 1644 784 me
1683 743 1835 783 merito

1298 813 1449 855 oderit.
1770 824 1854 871 685,

347 890 591 944 Numquam
623 888 706 930 erit
737 887 889 929 alienis
921 887 1079 940 grauis,
1121 886 1195 940 qui
1229 886 1316 927 suis
1348 899 1393 926 se
1425 885 1654 927 concinnat
1683 884 1835 926 leuem.

351 963 474 1005 Sicut
506 961 608 1012 dixi,
640 960 816 1011 faciam3
848 958 947 1000 nolo
979 964 1021 1001 te
1053 958 1208 1000 iactari
1241 956 1416 998 diutius.

961 1061 992 1101 L
1003 1075 1028 1115 y
1041 1061 1080 1101 si
1094 1060 1166 1101 tel
1180 1074 1200 1101 e
1213 1074 1232 1101 s

352 1137 522 1178 Tanton
555 1134 729 1176 meliust
758 1139 801 1175 te
832 1133 992 1175 sororis
1023 1145 1157 1173 causa
1188 1135 1424 1184 egestatem
1458 1131 1634 1185 exsequi

352 1209 492 1262 Atque
511 1221 606 1248 eum
625 1220 776 1260 agrum
796 1220 862 1247 me
879 1205 1038 1247 habere
1057 1217 1184 1258 quam
1202 1208 1257 1251 te,
1278 1209 1354 1245 tua
1371 1204 1444 1257 qui
1461 1203 1622 1246 toleres
1642 1202 1838 1244 moenia?

924 1319 1262 1360 Lesbonicus

351 1395 461 1437 Nolo
481 1407 559 1447 ego
585 1392 689 1434 mihi
714 1397 757 1433 te
781 1398 868 1433 tam
896 1392 1157 1446 prospicere,
1181 1391 1253 1445 qui
1281 1404 1419 1431 meam
1447 1394 1682 1442 egestatem
1710 1388 1841 1440 leues,
1906 1426 1911 1430 .
1978 1418 1996 1440 r

353 1467 436 1508 Sed
468 1470 517 1507 ut
547 1466 673 1518 inops
704 1464 875 1506 infamis
900 1478 952 1504 ne
973 1464 1065 1513 sim,
1098 1478 1150 1505 ne
1175 1462 1279 1503 mihi
1303 1461 1415 1503 hanc
1439 1461 1598 1503 famam
1624 1459 1841 1511 differant,

353 1539 420 1581 Me
451 1550 699 1592 germanam
732 1550 868 1578 meam
899 1550 1093 1578 sororem
1124 1536 1167 1576 in
1200 1534 1535 1577 concubinatum
1566 1532 1659 1583 tibi,
1774 1544 1840 1577 692

357 1610 401 1652 Si
433 1611 526 1652 sine
557 1609 660 1651 dote
692 1609 795 1659 dem,
827 1608 999 1649 dedisse
1030 1608 1166 1660 magis
1199 1620 1328 1661 quam
1360 1607 1402 1647 in
1435 1605 1767 1647 matrimonium.

354 1682 458 1733 Quis
491 1695 556 1722 me
587 1679 811 1734 inprobior
842 1679 1124 1734 perhibeatur
1156 1679 1275 1721 esse?
1336 1678 1454 1719 Haec
1482 1676 1756 1729 famigeratio

352 1754 411 1796 Te
442 1753 655 1803 honestet,
686 1766 753 1793 me
786 1751 1115 1801 conlutulentet,
1147 1752 1182 1792 si
1213 1753 1305 1793 sine
1338 1749 1438 1791 dote
1472 1749 1656 1790 duxeris.
1774 1759 1841 1794 695

353 1825 449 1867 Tibi
481 1825 537 1866 sit
569 1824 904 1866 emolumentum
936 1823 1138 1874 honoris;
1169 1822 1274 1863 mihi
1305 1822 1420 1876 quod
1453 1821 1672 1863 obiectent
1702 1820 1795 1862 siet.

960 1941 992 1981 L
1040 1940 1232 1981 siteles

355 2013 495 2064 Quid?
527 2017 570 2054 te
596 1994 851 2055 dictatorem
881 1955 1029 2055 cense5s
1052 2012 1157 2062 fore,
1189 2012 1225 2054 si
1249 2011 1384 2053 abste
1402 2024 1552 2064 agrum
1569 2008 1841 2064 acceperim?

925 2122 1260 2165 Lesbonicus

353 2195 503 2249 Neque
536 2194 635 2236 uolo
667 2207 805 2247 neque
838 2195 1011 2248 postulo
1042 2208 1179 2247 neque
1213 2207 1386 2245 censeo3
1418 2206 1570 2234 uerum
1601 2196 1747 2234 tamen

353 2268 394 2309 Is
427 2272 492 2309 est
521 2267 658 2308 honos
690 2266 852 2308 homini
885 2267 1057 2321 pudico,
1090 2266 1334 2307 meminisse
1367 2264 1554 2306 officium
1588 2278 1725 2306 suum.

465 2426 528 2459 681
558 2428 680 2459 tamen
708 2428 745 2459 et
767 2425 798 2459 si
911 2426 1078 2460 inimicos
1196 2425 1263 2459 682
1288 2423 1428 2468 rapidis
1547 2424 1614 2458 683
1640 2423 1760 2457 Meam
1786 2422 1841 2457 uis

354 2493 516 2516 sororem
619 2481 664 2514 ha
690 2492 710 2515 a
735 2480 781 2524 B,
807 2482 875 2516 hac
903 2481 931 2516 G
1026 2482 1093 2516 685
1119 2482 1228 2516 abere
1253 2480 1289 2515 Β
1385 2482 1452 2515 637
1477 2480 1572 2514 dixit
1663 2479 1842 2514 688-693

347 2544 435 2584 post
457 2540 524 2574 '707
550 2540 685 2573 iterant
709 2537 778 2572 Bc
842 2540 908 2573 ese
934 2538 1054 2572 Tanto
1127 2537 1254 2571 melius
1281 2536 1457 2571 ‹1st13202
1533 2536 1632 2570 Soris
1661 2535 1705 2570 c·
1775 2536 1842 2570 689
1909 2510 1969 2542 ·“

353 2597 503 2630 tolleres
532 2594 576 2630 0⁸
679 2595 804 2628 munia
830 2594 880 2629 Β“-’
949 2596 1015 2629 693
1041 2595 1127 2628 dote·
1153 2593 1204 2628 Β2
1309 2593 1390 2627 dem
1414 2603 1479 2628 om.
1586 2592 1767 2626 dedissem
1796 2591 1844 2627 θ’

353 2653 510 2688 694-96
527 2656 611 2696 post
625 2652 692 2686 706
704 2650 837 2686 iterant
854 2651 919 2686 Bc
985 2652 1051 2685 694
1070 2650 1290 2684 famiferatio
1306 2648 1380 2692 BG,
1454 2650 1520 2684 695
1533 2661 1591 2684 me
1606 2652 1729 2684 autem
1741 2647 1843 2683 3²0¹

354 2710 420 2744 696
445 2708 749 2743 ermolumenium
777 2707 830 2741 B·
932 2708 1021 2741 mihi
1049 2713 1171 2741 autem
1199 2706 1248 2741 0²
1345 2708 1411 2740 697
1438 2706 1501 2740 Cui
1531 2705 1560 2740 C
1657 2705 1754 2740 fores
1779 2703 1846 2740 ΒΟ

355 2767 422 2800 698
447 2765 596 2809 postulo
623 2775 754 2798 censeo
781 2764 814 2797 Β
884 2767 949 2797 699
976 2764 1091 2797 honus
1120 2765 1148 2797 (J
