<?xml version="1.0" encoding="UTF-8"?>
<!DOCTYPE html PUBLIC "-//W3C//DTD XHTML 1.0 Transitional//EN"
    "http://www.w3.org/TR/xhtml1/DTD/xhtml1-transitional.dtd">
<html xmlns="http://www.w3.org/1999/xhtml" xml:lang="en" lang="en">
 <head>
  <title>
</title>
<meta http-equiv="Content-Type" content="text/html;charset=utf-8" />
  <meta name='ocr-system' content='tesseract 3.04.00' />
  <meta name='ocr-capabilities' content='ocr_page ocr_carea ocr_par ocr_line ocrx_word'/>
</head>
<body>
  <div class='ocr_page' id='page_1' title='image "./comoediaerecensu05plauuoft_0359.png"; bbox 0 0 2009 3218; ppageno 0'>
   <div class='ocr_carea' id='block_1_1' title="bbox 0 2756 143 3218">
    <p class='ocr_par' dir='ltr' id='par_1_1' title="bbox 0 2756 143 3218">
     <span class='ocr_line' id='line_1_1' title="bbox 0 2756 143 3218; baseline 0 -405"><span class='ocrx_word' id='word_1_1' title='bbox 0 2756 143 3218; x_wconf 95' lang='lat' dir='ltr'>  </span> 
     </span>
    </p>
   </div>
   <div class='ocr_carea' id='block_1_2' title="bbox 138 175 1609 223">
    <p class='ocr_par' dir='ltr' id='par_1_2' title="bbox 138 175 1609 223">
     <span class='ocr_line' id='line_1_2' title="bbox 138 175 1609 223; baseline -0.008 -7"><span class='ocrx_word' id='word_1_2' title='bbox 138 180 186 222; x_wconf 83' lang='lat'>11,</span> <span class='ocrx_word' id='word_1_3' title='bbox 215 182 243 223; x_wconf 77' lang='lat'>1,</span> <span class='ocrx_word' id='word_1_4' title='bbox 267 179 378 215; x_wconf 74' lang='lat'>4-19</span> <span class='ocrx_word' id='word_1_5' title='bbox 747 175 1002 211; x_wconf 77' lang='lat' dir='ltr'>Truculeutus.</span> <span class='ocrx_word' id='word_1_6' title='bbox 1529 178 1609 216; x_wconf 81' lang='lat'>353</span> 
     </span>
    </p>
   </div>
   <div class='ocr_carea' id='block_1_3' title="bbox 127 299 1610 713">
    <p class='ocr_par' dir='ltr' id='par_1_3' title="bbox 128 299 1607 353">
     <span class='ocr_line' id='line_1_3' title="bbox 128 299 1607 353; baseline -0.004 -7"><span class='ocrx_word' id='word_1_7' title='bbox 128 303 237 347; x_wconf 85' lang='lat' dir='ltr'><strong>Huic</strong></span> <span class='ocrx_word' id='word_1_8' title='bbox 262 302 421 345; x_wconf 87' lang='lat' dir='ltr'>homini</span> <span class='ocrx_word' id='word_1_9' title='bbox 446 301 607 343; x_wconf 87' lang='lat' dir='ltr'>amanti</span> <span class='ocrx_word' id='word_1_10' title='bbox 632 301 803 343; x_wconf 82' lang='lat' dir='ltr'>neniam</span> <span class='ocrx_word' id='word_1_11' title='bbox 829 314 924 342; x_wconf 85' lang='lat' dir='ltr'>mea</span> <span class='ocrx_word' id='word_1_12' title='bbox 949 314 1022 342; x_wconf 87' lang='lat' dir='ltr'>era</span> <span class='ocrx_word' id='word_1_13' title='bbox 1046 300 1161 353; x_wconf 85' lang='lat' dir='ltr'>apud</span> <span class='ocrx_word' id='word_1_14' title='bbox 1180 314 1257 342; x_wconf 90' lang='lat' dir='ltr'>nos</span> <span class='ocrx_word' id='word_1_15' title='bbox 1275 299 1384 341; x_wconf 81' lang='lat' dir='ltr'>dixit</span> <span class='ocrx_word' id='word_1_16' title='bbox 1401 299 1452 341; x_wconf 88' lang='lat' dir='ltr'>de</span> <span class='ocrx_word' id='word_1_17' title='bbox 1469 299 1607 341; x_wconf 88' lang='lat' dir='ltr'>bonis.</span> 
     </span>
    </p>

    <p class='ocr_par' dir='ltr' id='par_1_4' title="bbox 127 370 1435 426">
     <span class='ocr_line' id='line_1_4' title="bbox 127 370 1435 426; baseline -0.005 -8"><span class='ocrx_word' id='word_1_18' title='bbox 127 376 236 419; x_wconf 89' lang='lat' dir='ltr'>Nam</span> <span class='ocrx_word' id='word_1_19' title='bbox 267 373 387 417; x_wconf 87' lang='lat' dir='ltr'>fundi</span> <span class='ocrx_word' id='word_1_20' title='bbox 419 378 461 415; x_wconf 86' lang='lat' dir='ltr'>et</span> <span class='ocrx_word' id='word_1_21' title='bbox 491 372 610 415; x_wconf 81' lang='lat' dir='ltr'>aedis</span> <span class='ocrx_word' id='word_1_22' title='bbox 642 372 859 425; x_wconf 80' lang='lat' dir='ltr'>obligatae</span> <span class='ocrx_word' id='word_1_23' title='bbox 891 377 991 414; x_wconf 89' lang='lat' dir='ltr'>sunt</span> <span class='ocrx_word' id='word_1_24' title='bbox 1024 372 1167 413; x_wconf 85' lang='lat' dir='ltr'>Amori</span> <span class='ocrx_word' id='word_1_25' title='bbox 1200 370 1435 426; x_wconf 86' lang='lat' dir='ltr'>praedium.</span> 
     </span>
    </p>

    <p class='ocr_par' dir='ltr' id='par_1_5' title="bbox 129 441 1610 564">
     <span class='ocr_line' id='line_1_5' title="bbox 129 441 1610 500; baseline -0.004 -10"><span class='ocrx_word' id='word_1_26' title='bbox 129 446 286 491; x_wconf 85' lang='lat' dir='ltr'>Uerum</span> <span class='ocrx_word' id='word_1_27' title='bbox 324 445 439 500; x_wconf 87' lang='lat' dir='ltr'>apud</span> <span class='ocrx_word' id='word_1_28' title='bbox 477 444 590 486; x_wconf 89' lang='lat' dir='ltr'>hunc</span> <span class='ocrx_word' id='word_1_29' title='bbox 609 441 721 486; x_wconf 80' lang='lat' dir='ltr'>&#39;mea</span> <span class='ocrx_word' id='word_1_30' title='bbox 761 458 836 486; x_wconf 85' lang='lat' dir='ltr'>era</span> <span class='ocrx_word' id='word_1_31' title='bbox 867 458 947 486; x_wconf 89' lang='lat' dir='ltr'>sua</span> <span class='ocrx_word' id='word_1_32' title='bbox 978 443 1158 485; x_wconf 87' lang='lat' dir='ltr'>consilia</span> <span class='ocrx_word' id='word_1_33' title='bbox 1189 456 1357 485; x_wconf 89' lang='lat' dir='ltr'>summa</span> <span class='ocrx_word' id='word_1_34' title='bbox 1388 443 1610 498; x_wconf 77' lang='lat' dir='ltr'>eloquitur</span> 
     </span>
     <span class='ocr_line' id='line_1_6' title="bbox 1072 515 1218 564; baseline 0.014 -9"><span class='ocrx_word' id='word_1_35' title='bbox 1072 515 1218 564; x_wconf 82' lang='lat' dir='ltr'>libere,</span> 
     </span>
    </p>

    <p class='ocr_par' dir='ltr' id='par_1_6' title="bbox 128 587 1607 644">
     <span class='ocr_line' id='line_1_7' title="bbox 128 587 1607 644; baseline -0.005 -10"><span class='ocrx_word' id='word_1_36' title='bbox 128 590 346 644; x_wconf 81' lang='lat' dir='ltr'>Magisque</span> <span class='ocrx_word' id='word_1_37' title='bbox 377 588 485 630; x_wconf 87' lang='lat' dir='ltr'>adeo</span> <span class='ocrx_word' id='word_1_38' title='bbox 518 589 555 629; x_wconf 91' lang='lat' dir='ltr'>ei</span> <span class='ocrx_word' id='word_1_39' title='bbox 587 587 855 630; x_wconf 85' lang='lat' dir='ltr'>consiliarius</span> <span class='ocrx_word' id='word_1_40' title='bbox 887 587 956 629; x_wconf 91' lang='lat' dir='ltr'>hic</span> <span class='ocrx_word' id='word_1_41' title='bbox 981 588 1166 629; x_wconf 89' lang='lat' dir='ltr'>amicust</span> <span class='ocrx_word' id='word_1_42' title='bbox 1191 601 1318 640; x_wconf 86' lang='lat' dir='ltr'>quam</span> <span class='ocrx_word' id='word_1_43' title='bbox 1344 587 1607 629; x_wconf 85' lang='lat' dir='ltr'>auxiliarius.</span> 
     </span>
    </p>

    <p class='ocr_par' dir='ltr' id='par_1_7' title="bbox 128 658 1609 713">
     <span class='ocr_line' id='line_1_8' title="bbox 128 658 1609 713; baseline -0.003 -8"><span class='ocrx_word' id='word_1_44' title='bbox 128 662 236 705; x_wconf 92' lang='lat' dir='ltr'>Dum</span> <span class='ocrx_word' id='word_1_45' title='bbox 281 661 383 710; x_wconf 83' lang='lat' dir='ltr'>fuit,</span> <span class='ocrx_word' id='word_1_46' title='bbox 431 659 572 711; x_wconf 79' lang='lat' dir='ltr'>dedit3</span> <span class='ocrx_word' id='word_1_47' title='bbox 628 673 740 701; x_wconf 90' lang='lat' dir='ltr'>nunc</span> <span class='ocrx_word' id='word_1_48' title='bbox 787 659 891 700; x_wconf 87' lang='lat' dir='ltr'>nihil</span> <span class='ocrx_word' id='word_1_49' title='bbox 937 659 1088 710; x_wconf 88' lang='lat' dir='ltr'>habet;</span> <span class='ocrx_word' id='word_1_50' title='bbox 1136 658 1251 713; x_wconf 87' lang='lat' dir='ltr'>quod</span> <span class='ocrx_word' id='word_1_51' title='bbox 1297 658 1487 700; x_wconf 89' lang='lat' dir='ltr'>habebat</span> <span class='ocrx_word' id='word_1_52' title='bbox 1531 673 1609 701; x_wconf 89' lang='lat' dir='ltr'>nos</span> 
     </span>
    </p>
   </div>
   <div class='ocr_carea' id='block_1_4' title="bbox 128 730 1610 917">
    <p class='ocr_par' dir='ltr' id='par_1_8' title="bbox 128 730 1610 917">
     <span class='ocr_line' id='line_1_9' title="bbox 1072 730 1610 782; baseline 0.007 -11"><span class='ocrx_word' id='word_1_53' title='bbox 1072 730 1300 782; x_wconf 81' lang='lat' dir='ltr'>habemus3</span> <span class='ocrx_word' id='word_1_54' title='bbox 1545 742 1610 775; x_wconf 82' lang='lat'>215</span> 
     </span>
     <span class='ocr_line' id='line_1_10' title="bbox 128 801 1609 856; baseline -0.003 -8"><span class='ocrx_word' id='word_1_55' title='bbox 128 806 214 848; x_wconf 83' lang='lat' dir='ltr'>Iste</span> <span class='ocrx_word' id='word_1_56' title='bbox 245 804 286 847; x_wconf 90' lang='lat' dir='ltr'>id</span> <span class='ocrx_word' id='word_1_57' title='bbox 318 804 462 853; x_wconf 76' lang='lat' dir='ltr'>habet,</span> <span class='ocrx_word' id='word_1_58' title='bbox 502 803 617 856; x_wconf 87' lang='lat' dir='ltr'>quod</span> <span class='ocrx_word' id='word_1_59' title='bbox 648 817 725 845; x_wconf 87' lang='lat' dir='ltr'>nos</span> <span class='ocrx_word' id='word_1_60' title='bbox 757 802 1006 850; x_wconf 84' lang='lat' dir='ltr'>habuimus;</span> <span class='ocrx_word' id='word_1_61' title='bbox 1045 803 1279 845; x_wconf 89' lang='lat' dir='ltr'>humanum</span> <span class='ocrx_word' id='word_1_62' title='bbox 1318 801 1484 845; x_wconf 85' lang='lat' dir='ltr'>facinus</span> <span class='ocrx_word' id='word_1_63' title='bbox 1522 802 1609 845; x_wconf 88' lang='lat' dir='ltr'>fac-</span> 
     </span>
     <span class='ocr_line' id='line_1_11' title="bbox 1071 879 1272 917; baseline 0 -1"><span class='ocrx_word' id='word_1_64' title='bbox 1071 879 1161 916; x_wconf 87' lang='lat' dir='ltr'>tum</span> <span class='ocrx_word' id='word_1_65' title='bbox 1193 879 1272 917; x_wconf 87' lang='lat' dir='ltr'>est.</span> 
     </span>
    </p>
   </div>
   <div class='ocr_carea' id='block_1_5' title="bbox 127 947 1613 1938">
    <p class='ocr_par' dir='ltr' id='par_1_9' title="bbox 127 947 1613 1938">
     <span class='ocr_line' id='line_1_12' title="bbox 127 947 1321 998; baseline -0.003 -7"><span class='ocrx_word' id='word_1_66' title='bbox 127 950 326 991; x_wconf 80' lang='lat' dir='ltr'>Actutum</span> <span class='ocrx_word' id='word_1_67' title='bbox 358 948 556 990; x_wconf 83' lang='lat' dir='ltr'>fortunae</span> <span class='ocrx_word' id='word_1_68' title='bbox 587 947 728 989; x_wconf 86' lang='lat' dir='ltr'>solent</span> <span class='ocrx_word' id='word_1_69' title='bbox 759 949 935 998; x_wconf 85' lang='lat' dir='ltr'>mutari;</span> <span class='ocrx_word' id='word_1_70' title='bbox 968 948 1090 988; x_wconf 86' lang='lat' dir='ltr'>uaria</span> <span class='ocrx_word' id='word_1_71' title='bbox 1121 947 1212 989; x_wconf 86' lang='lat' dir='ltr'>uita</span> <span class='ocrx_word' id='word_1_72' title='bbox 1244 951 1321 989; x_wconf 87' lang='lat' dir='ltr'>est.</span> 
     </span>
     <span class='ocr_line' id='line_1_13' title="bbox 129 1019 1552 1073; baseline -0.004 -9"><span class='ocrx_word' id='word_1_73' title='bbox 129 1020 217 1064; x_wconf 87' lang='lat' dir='ltr'>Nos</span> <span class='ocrx_word' id='word_1_74' title='bbox 248 1020 425 1062; x_wconf 89' lang='lat' dir='ltr'>diuitem</span> <span class='ocrx_word' id='word_1_75' title='bbox 458 1020 588 1061; x_wconf 90' lang='lat' dir='ltr'>istum</span> <span class='ocrx_word' id='word_1_76' title='bbox 621 1020 903 1069; x_wconf 80' lang='lat' dir='ltr'>meminimus,</span> <span class='ocrx_word' id='word_1_77' title='bbox 937 1024 1070 1073; x_wconf 89' lang='lat' dir='ltr'>atque</span> <span class='ocrx_word' id='word_1_78' title='bbox 1103 1019 1183 1060; x_wconf 87' lang='lat' dir='ltr'>iste</span> <span class='ocrx_word' id='word_1_79' title='bbox 1215 1032 1430 1073; x_wconf 86' lang='lat' dir='ltr'>pauperes</span> <span class='ocrx_word' id='word_1_80' title='bbox 1460 1032 1552 1061; x_wconf 87' lang='lat' dir='ltr'>nos.</span> 
     </span>
     <span class='ocr_line' id='line_1_14' title="bbox 128 1090 1445 1145; baseline -0.002 -10"><span class='ocrx_word' id='word_1_81' title='bbox 128 1092 361 1135; x_wconf 87' lang='lat' dir='ltr'>Uorterunt</span> <span class='ocrx_word' id='word_1_82' title='bbox 391 1105 485 1133; x_wconf 85' lang='lat' dir='ltr'>sese</span> <span class='ocrx_word' id='word_1_83' title='bbox 518 1092 770 1142; x_wconf 54' lang='lat' dir='ltr'>memoriam</span> <span class='ocrx_word' id='word_1_84' title='bbox 801 1091 958 1133; x_wconf 87' lang='lat' dir='ltr'>stultus</span> <span class='ocrx_word' id='word_1_85' title='bbox 990 1091 1046 1133; x_wconf 90' lang='lat' dir='ltr'>sit</span> <span class='ocrx_word' id='word_1_86' title='bbox 1077 1091 1150 1145; x_wconf 91' lang='lat' dir='ltr'>qui</span> <span class='ocrx_word' id='word_1_87' title='bbox 1182 1090 1224 1132; x_wconf 89' lang='lat' dir='ltr'>id</span> <span class='ocrx_word' id='word_1_88' title='bbox 1257 1091 1445 1133; x_wconf 89' lang='lat' dir='ltr'>miretur.</span> 
     </span>
     <span class='ocr_line' id='line_1_15' title="bbox 130 1163 1610 1218; baseline -0.002 -11"><span class='ocrx_word' id='word_1_89' title='bbox 130 1163 174 1207; x_wconf 89' lang='lat' dir='ltr'>Si</span> <span class='ocrx_word' id='word_1_90' title='bbox 204 1168 320 1218; x_wconf 86' lang='lat' dir='ltr'>eget,</span> <span class='ocrx_word' id='word_1_91' title='bbox 362 1177 535 1205; x_wconf 85' lang='lat' dir='ltr'>necesse</span> <span class='ocrx_word' id='word_1_92' title='bbox 568 1168 635 1205; x_wconf 88' lang='lat' dir='ltr'>est</span> <span class='ocrx_word' id='word_1_93' title='bbox 665 1178 742 1205; x_wconf 92' lang='lat' dir='ltr'>nos</span> <span class='ocrx_word' id='word_1_94' title='bbox 775 1164 884 1217; x_wconf 79' lang='lat' dir='ltr'>pati3</span> <span class='ocrx_word' id='word_1_95' title='bbox 931 1163 1114 1214; x_wconf 81' lang='lat' dir='ltr'>amauit3</span> <span class='ocrx_word' id='word_1_96' title='bbox 1160 1176 1346 1217; x_wconf 89' lang='lat' dir='ltr'>aequom</span> <span class='ocrx_word' id='word_1_97' title='bbox 1379 1163 1417 1204; x_wconf 91' lang='lat' dir='ltr'>ei</span> <span class='ocrx_word' id='word_1_98' title='bbox 1448 1163 1610 1205; x_wconf 85' lang='lat' dir='ltr'>factum</span> 
     </span>
     <span class='ocr_line' id='line_1_16' title="bbox 1075 1239 1613 1286; baseline 0.004 -10"><span class='ocrx_word' id='word_1_99' title='bbox 1075 1239 1162 1286; x_wconf 82' lang='lat' dir='ltr'>est3</span> <span class='ocrx_word' id='word_1_100' title='bbox 1547 1245 1613 1278; x_wconf 80' lang='lat'>220</span> 
     </span>
     <span class='ocr_line' id='line_1_17' title="bbox 129 1307 1530 1361; baseline -0.001 -11"><span class='ocrx_word' id='word_1_101' title='bbox 129 1307 350 1350; x_wconf 87' lang='lat' dir='ltr'>Piaculum</span> <span class='ocrx_word' id='word_1_102' title='bbox 381 1311 446 1350; x_wconf 86' lang='lat' dir='ltr'>est</span> <span class='ocrx_word' id='word_1_103' title='bbox 478 1308 668 1349; x_wconf 87' lang='lat' dir='ltr'>misereri</span> <span class='ocrx_word' id='word_1_104' title='bbox 699 1321 777 1349; x_wconf 92' lang='lat' dir='ltr'>nos</span> <span class='ocrx_word' id='word_1_105' title='bbox 809 1307 1027 1349; x_wconf 90' lang='lat' dir='ltr'>hominum</span> <span class='ocrx_word' id='word_1_106' title='bbox 1059 1308 1120 1350; x_wconf 82' lang='lat' dir='ltr'>rei</span> <span class='ocrx_word' id='word_1_107' title='bbox 1151 1307 1263 1349; x_wconf 90' lang='lat' dir='ltr'>male</span> <span class='ocrx_word' id='word_1_108' title='bbox 1295 1311 1530 1361; x_wconf 88' lang='lat' dir='ltr'>gerentum.</span> 
     </span>
     <span class='ocr_line' id='line_1_18' title="bbox 240 1379 1332 1433; baseline -0.002 -11"><span class='ocrx_word' id='word_1_109' title='bbox 240 1379 369 1422; x_wconf 89' lang='lat' dir='ltr'>Bonis</span> <span class='ocrx_word' id='word_1_110' title='bbox 401 1393 495 1421; x_wconf 88' lang='lat' dir='ltr'>esse</span> <span class='ocrx_word' id='word_1_111' title='bbox 528 1383 700 1433; x_wconf 87' lang='lat' dir='ltr'>oportet</span> <span class='ocrx_word' id='word_1_112' title='bbox 732 1379 935 1422; x_wconf 89' lang='lat' dir='ltr'>dentibus</span> <span class='ocrx_word' id='word_1_113' title='bbox 966 1379 1106 1421; x_wconf 87' lang='lat' dir='ltr'>lenam</span> <span class='ocrx_word' id='word_1_114' title='bbox 1138 1379 1332 1432; x_wconf 81' lang='lat' dir='ltr'>probam,</span> 
     </span>
     <span class='ocr_line' id='line_1_19' title="bbox 239 1450 1356 1505; baseline -0.001 -12"><span class='ocrx_word' id='word_1_115' title='bbox 239 1451 446 1494; x_wconf 89' lang='lat' dir='ltr'>Adridere</span> <span class='ocrx_word' id='word_1_116' title='bbox 477 1457 526 1493; x_wconf 94' lang='lat' dir='ltr'>ut</span> <span class='ocrx_word' id='word_1_117' title='bbox 556 1452 752 1505; x_wconf 87' lang='lat' dir='ltr'>quisquis</span> <span class='ocrx_word' id='word_1_118' title='bbox 783 1452 943 1501; x_wconf 88' lang='lat' dir='ltr'>ueniat,</span> <span class='ocrx_word' id='word_1_119' title='bbox 975 1450 1132 1493; x_wconf 88' lang='lat' dir='ltr'>blande</span> <span class='ocrx_word' id='word_1_120' title='bbox 1164 1450 1356 1504; x_wconf 84' lang='lat' dir='ltr'>adloqui,</span> 
     </span>
     <span class='ocr_line' id='line_1_20' title="bbox 241 1523 1278 1577; baseline -0.002 -11"><span class='ocrx_word' id='word_1_121' title='bbox 241 1523 353 1566; x_wconf 87' lang='lat' dir='ltr'>Male</span> <span class='ocrx_word' id='word_1_122' title='bbox 385 1524 513 1566; x_wconf 86' lang='lat' dir='ltr'>corde</span> <span class='ocrx_word' id='word_1_123' title='bbox 546 1523 803 1574; x_wconf 83' lang='lat' dir='ltr'>consultare,</span> <span class='ocrx_word' id='word_1_124' title='bbox 834 1523 942 1566; x_wconf 92' lang='lat' dir='ltr'>bene</span> <span class='ocrx_word' id='word_1_125' title='bbox 973 1523 1120 1577; x_wconf 87' lang='lat' dir='ltr'>lingua</span> <span class='ocrx_word' id='word_1_126' title='bbox 1151 1523 1278 1576; x_wconf 90' lang='lat' dir='ltr'>loqui.</span> 
     </span>
     <span class='ocr_line' id='line_1_21' title="bbox 241 1595 1611 1647; baseline 0.001 -10"><span class='ocrx_word' id='word_1_127' title='bbox 241 1595 510 1638; x_wconf 89' lang='lat' dir='ltr'>Meretricem</span> <span class='ocrx_word' id='word_1_128' title='bbox 544 1596 676 1638; x_wconf 88' lang='lat' dir='ltr'>sentis</span> <span class='ocrx_word' id='word_1_129' title='bbox 709 1609 799 1637; x_wconf 83' lang='lat' dir='ltr'>esse</span> <span class='ocrx_word' id='word_1_130' title='bbox 831 1595 1010 1637; x_wconf 86' lang='lat' dir='ltr'>similem</span> <span class='ocrx_word' id='word_1_131' title='bbox 1045 1595 1274 1647; x_wconf 81' lang='lat' dir='ltr'>condecet3</span> <span class='ocrx_word' id='word_1_132' title='bbox 1547 1606 1611 1640; x_wconf 80' lang='lat'>225</span> 
     </span>
     <span class='ocr_line' id='line_1_22' title="bbox 133 1667 1613 1722; baseline -0.001 -13"><span class='ocrx_word' id='word_1_133' title='bbox 133 1667 396 1722; x_wconf 87' lang='lat' dir='ltr'>Quemquem</span> <span class='ocrx_word' id='word_1_134' title='bbox 435 1667 651 1709; x_wconf 89' lang='lat' dir='ltr'>hominem</span> <span class='ocrx_word' id='word_1_135' title='bbox 692 1668 905 1721; x_wconf 87' lang='lat' dir='ltr'>attigerit,</span> <span class='ocrx_word' id='word_1_136' title='bbox 944 1667 1137 1721; x_wconf 86' lang='lat' dir='ltr'>profecto</span> <span class='ocrx_word' id='word_1_137' title='bbox 1169 1668 1207 1709; x_wconf 84' lang='lat' dir='ltr'>ei</span> <span class='ocrx_word' id='word_1_138' title='bbox 1240 1671 1315 1709; x_wconf 88' lang='lat' dir='ltr'>aut</span> <span class='ocrx_word' id='word_1_139' title='bbox 1346 1667 1505 1709; x_wconf 91' lang='lat' dir='ltr'>malum</span> <span class='ocrx_word' id='word_1_140' title='bbox 1537 1671 1613 1708; x_wconf 89' lang='lat' dir='ltr'>aut</span> 
     </span>
     <span class='ocr_line' id='line_1_23' title="bbox 1076 1739 1426 1782; baseline -0.006 0"><span class='ocrx_word' id='word_1_141' title='bbox 1076 1740 1277 1782; x_wconf 89' lang='lat' dir='ltr'>damnum</span> <span class='ocrx_word' id='word_1_142' title='bbox 1310 1739 1426 1781; x_wconf 88' lang='lat' dir='ltr'>dare.</span> 
     </span>
     <span class='ocr_line' id='line_1_24' title="bbox 131 1812 1538 1866; baseline -0.001 -11"><span class='ocrx_word' id='word_1_143' title='bbox 131 1812 371 1866; x_wconf 87' lang='lat' dir='ltr'>Numquam</span> <span class='ocrx_word' id='word_1_144' title='bbox 403 1813 610 1854; x_wconf 83' lang='lat' dir='ltr'>amatoris</span> <span class='ocrx_word' id='word_1_145' title='bbox 642 1812 909 1853; x_wconf 87' lang='lat' dir='ltr'>meretricem</span> <span class='ocrx_word' id='word_1_146' title='bbox 940 1817 1111 1866; x_wconf 88' lang='lat' dir='ltr'>oportet</span> <span class='ocrx_word' id='word_1_147' title='bbox 1142 1825 1318 1854; x_wconf 90' lang='lat' dir='ltr'>causam</span> <span class='ocrx_word' id='word_1_148' title='bbox 1349 1825 1538 1863; x_wconf 86' lang='lat' dir='ltr'>noscere,</span> 
     </span>
     <span class='ocr_line' id='line_1_25' title="bbox 133 1883 1611 1938; baseline -0.001 -12"><span class='ocrx_word' id='word_1_149' title='bbox 133 1883 242 1935; x_wconf 85' lang='lat' dir='ltr'>Quin</span> <span class='ocrx_word' id='word_1_150' title='bbox 258 1883 330 1926; x_wconf 92' lang='lat' dir='ltr'>ubi</span> <span class='ocrx_word' id='word_1_151' title='bbox 347 1884 454 1926; x_wconf 89' lang='lat' dir='ltr'>nihil</span> <span class='ocrx_word' id='word_1_152' title='bbox 472 1885 559 1935; x_wconf 86' lang='lat' dir='ltr'>det,</span> <span class='ocrx_word' id='word_1_153' title='bbox 592 1897 670 1938; x_wconf 89' lang='lat' dir='ltr'>pro</span> <span class='ocrx_word' id='word_1_154' title='bbox 687 1883 959 1935; x_wconf 81' lang='lat' dir='ltr'>infrequente</span> <span class='ocrx_word' id='word_1_155' title='bbox 976 1898 1073 1927; x_wconf 91' lang='lat' dir='ltr'>eum</span> <span class='ocrx_word' id='word_1_156' title='bbox 1090 1885 1236 1926; x_wconf 86' lang='lat' dir='ltr'>mittat</span> <span class='ocrx_word' id='word_1_157' title='bbox 1252 1883 1409 1925; x_wconf 88' lang='lat' dir='ltr'>militia</span> <span class='ocrx_word' id='word_1_158' title='bbox 1425 1883 1611 1926; x_wconf 90' lang='lat' dir='ltr'>domum.</span> 
     </span>
    </p>
   </div>
   <div class='ocr_carea' id='block_1_6' title="bbox 131 2021 395 2027">
    <p class='ocr_par' dir='ltr' id='par_1_10' title="bbox 131 2021 395 2027">
     <span class='ocr_line' id='line_1_26' title="bbox 131 2021 395 2027; baseline 0 0"><span class='ocrx_word' id='word_1_159' title='bbox 131 2021 395 2027; x_wconf 95' lang='lat' dir='ltr'> </span> 
     </span>
    </p>
   </div>
   <div class='ocr_carea' id='block_1_7' title="bbox 132 2098 1612 2258">
    <p class='ocr_par' dir='ltr' id='par_1_11' title="bbox 132 2098 1612 2258">
     <span class='ocr_line' id='line_1_27' title="bbox 241 2098 1611 2145; baseline 0 -11"><span class='ocrx_word' id='word_1_160' title='bbox 241 2101 303 2134; x_wconf 94' lang='grc'>211</span> <span class='ocrx_word' id='word_1_161' title='bbox 334 2100 477 2136; x_wconf 88' lang='lat' dir='ltr'>homini</span> <span class='ocrx_word' id='word_1_162' title='bbox 508 2104 595 2145; x_wconf 88' lang='lat' dir='ltr'>aput</span> <span class='ocrx_word' id='word_1_163' title='bbox 625 2112 692 2135; x_wconf 88' lang='lat' dir='ltr'>nos</span> <span class='ocrx_word' id='word_1_164' title='bbox 723 2111 803 2134; x_wconf 89' lang='lat' dir='ltr'>mea</span> <span class='ocrx_word' id='word_1_165' title='bbox 836 2111 898 2134; x_wconf 85' lang='lat' dir='ltr'>era</span> <span class='ocrx_word' id='word_1_166' title='bbox 932 2098 1218 2134; x_wconf 84' lang='lat' dir='ltr'>amantinneiam</span> <span class='ocrx_word' id='word_1_167' title='bbox 1251 2098 1346 2134; x_wconf 85' lang='lat' dir='ltr'>dixit</span> <span class='ocrx_word' id='word_1_168' title='bbox 1377 2099 1425 2142; x_wconf 84' lang='lat' dir='ltr'>A,</span> <span class='ocrx_word' id='word_1_169' title='bbox 1463 2099 1611 2134; x_wconf 74' lang='lat' dir='ltr'>homine</span> 
     </span>
     <span class='ocr_line' id='line_1_28' title="bbox 132 2156 1612 2203; baseline -0.001 -11"><span class='ocrx_word' id='word_1_170' title='bbox 132 2157 267 2192; x_wconf 74' lang='lat' dir='ltr'>amanti</span> <span class='ocrx_word' id='word_1_171' title='bbox 291 2168 389 2192; x_wconf 85' lang='lat' dir='ltr'>meer</span> <span class='ocrx_word' id='word_1_172' title='bbox 414 2161 467 2203; x_wconf 57' lang='lat' dir='ltr'>ap</span> <span class='ocrx_word' id='word_1_173' title='bbox 487 2169 554 2193; x_wconf 79' lang='lat' dir='ltr'>nos</span> <span class='ocrx_word' id='word_1_174' title='bbox 579 2158 687 2193; x_wconf 78' lang='lat' dir='ltr'>nenia</span> <span class='ocrx_word' id='word_1_175' title='bbox 711 2157 782 2193; x_wconf 68' lang='lat' dir='ltr'>dii</span> <span class='ocrx_word' id='word_1_176' title='bbox 802 2156 846 2199; x_wconf 87' lang='grc' dir='ltr'>Β,</span> <span class='ocrx_word' id='word_1_177' title='bbox 877 2156 1063 2191; x_wconf 82' lang='lat' dir='ltr'>hominem</span> <span class='ocrx_word' id='word_1_178' title='bbox 1089 2156 1227 2190; x_wconf 88' lang='lat' dir='ltr'>amanti</span> <span class='ocrx_word' id='word_1_179' title='bbox 1251 2167 1309 2190; x_wconf 92' lang='lat' dir='ltr'>me</span> <span class='ocrx_word' id='word_1_180' title='bbox 1334 2166 1396 2191; x_wconf 88' lang='lat' dir='ltr'>era</span> <span class='ocrx_word' id='word_1_181' title='bbox 1422 2156 1519 2201; x_wconf 84' lang='lat' dir='ltr'>apud</span> <span class='ocrx_word' id='word_1_182' title='bbox 1544 2168 1612 2191; x_wconf 87' lang='lat' dir='ltr'>nos</span> 
     </span>
     <span class='ocr_line' id='line_1_29' title="bbox 133 2211 1612 2258; baseline -0.001 -9"><span class='ocrx_word' id='word_1_183' title='bbox 133 2213 225 2249; x_wconf 82' lang='lat' dir='ltr'>dixit</span> <span class='ocrx_word' id='word_1_184' title='bbox 247 2214 392 2249; x_wconf 88' lang='lat' dir='ltr'>neniam</span> <span class='ocrx_word' id='word_1_185' title='bbox 420 2214 450 2250; x_wconf 94' lang='grc' dir='ltr'><em>Ο</em></span> <span class='ocrx_word' id='word_1_186' title='bbox 548 2216 614 2250; x_wconf 90' lang='grc'>212</span> <span class='ocrx_word' id='word_1_187' title='bbox 638 2214 759 2249; x_wconf 85' lang='lat' dir='ltr'>fundit</span> <span class='ocrx_word' id='word_1_188' title='bbox 783 2213 884 2249; x_wconf 82' lang='lat' dir='ltr'>aedis</span> <span class='ocrx_word' id='word_1_189' title='bbox 911 2213 1073 2257; x_wconf 78' lang='lat' dir='ltr'>obligate</span> <span class='ocrx_word' id='word_1_190' title='bbox 1099 2211 1165 2248; x_wconf 91' lang='grc' dir='ltr'>ΒΟ</span> <span class='ocrx_word' id='word_1_191' title='bbox 1261 2213 1308 2248; x_wconf 85' lang='grc'><strong>01)</strong></span> <span class='ocrx_word' id='word_1_192' title='bbox 1334 2214 1468 2248; x_wconf 83' lang='lat' dir='ltr'>amoris</span> <span class='ocrx_word' id='word_1_193' title='bbox 1494 2213 1538 2258; x_wconf 83' lang='lat' dir='ltr'>A,</span> <span class='ocrx_word' id='word_1_194' title='bbox 1564 2214 1612 2247; x_wconf 88' lang='lat' dir='ltr'>ob</span> 
     </span>
    </p>
   </div>
   <div class='ocr_carea' id='block_1_8' title="bbox 131 2269 1611 2352">
    <p class='ocr_par' dir='ltr' id='par_1_12' title="bbox 131 2269 1611 2352">
     <span class='ocr_line' id='line_1_30' title="bbox 131 2269 1611 2316; baseline -0.001 -11"><span class='ocrx_word' id='word_1_195' title='bbox 131 2271 242 2305; x_wconf 79' lang='lat' dir='ltr'>moris</span> <span class='ocrx_word' id='word_1_196' title='bbox 265 2269 332 2306; x_wconf 92' lang='grc' dir='ltr'>ΒΟ</span> <span class='ocrx_word' id='word_1_197' title='bbox 398 2271 593 2316; x_wconf 87' lang='lat' dir='ltr'>prandium</span> <span class='ocrx_word' id='word_1_198' title='bbox 614 2270 684 2306; x_wconf 91' lang='grc' dir='ltr'>ΒΟ</span> <span class='ocrx_word' id='word_1_199' title='bbox 749 2273 815 2306; x_wconf 85' lang='grc'>213</span> <span class='ocrx_word' id='word_1_200' title='bbox 839 2282 904 2306; x_wconf 86' lang='lat' dir='ltr'>sua</span> <span class='ocrx_word' id='word_1_201' title='bbox 929 2281 993 2306; x_wconf 88' lang='lat' dir='ltr'>om.</span> <span class='ocrx_word' id='word_1_202' title='bbox 1006 2269 1074 2304; x_wconf 89' lang='lat' dir='ltr'>BC</span> <span class='ocrx_word' id='word_1_203' title='bbox 1141 2271 1207 2304; x_wconf 87' lang='grc'>214</span> <span class='ocrx_word' id='word_1_204' title='bbox 1231 2270 1264 2304; x_wconf 93' lang='lat' dir='ltr'>ei</span> <span class='ocrx_word' id='word_1_205' title='bbox 1289 2280 1353 2305; x_wconf 84' lang='lat' dir='ltr'>om.</span> <span class='ocrx_word' id='word_1_206' title='bbox 1369 2270 1402 2305; x_wconf 81' lang='lat' dir='ltr'><strong><em>A</em></strong></span> <span class='ocrx_word' id='word_1_207' title='bbox 1473 2271 1611 2306; x_wconf 85' lang='lat' dir='ltr'>amicus</span> 
     </span>
     <span class='ocr_line' id='line_1_31' title="bbox 213 2326 223 2352; baseline 0 0"><span class='ocrx_word' id='word_1_208' title='bbox 213 2326 223 2352; x_wconf 72' lang='grc' dir='ltr'>ί</span> 
     </span>
    </p>
   </div>
   <div class='ocr_carea' id='block_1_9' title="bbox 132 2360 1614 2794">
    <p class='ocr_par' dir='ltr' id='par_1_13' title="bbox 132 2360 1614 2794">
     <span class='ocr_line' id='line_1_32' title="bbox 133 2360 1612 2407; baseline 0 -11"><span class='ocrx_word' id='word_1_209' title='bbox 133 2363 189 2396; x_wconf 72' lang='lat' dir='ltr'>est</span> <span class='ocrx_word' id='word_1_210' title='bbox 212 2373 234 2406; x_wconf 92' lang='lat' dir='ltr'>q</span> <span class='ocrx_word' id='word_1_211' title='bbox 257 2361 303 2405; x_wconf 91' lang='lat' dir='ltr'>B,</span> <span class='ocrx_word' id='word_1_212' title='bbox 329 2362 465 2397; x_wconf 82' lang='lat' dir='ltr'>amicus</span> <span class='ocrx_word' id='word_1_213' title='bbox 479 2363 647 2407; x_wconf 80' lang='lat' dir='ltr'>estquod</span> <span class='ocrx_word' id='word_1_214' title='bbox 664 2362 692 2397; x_wconf 93' lang='grc' dir='ltr'><em>Ο</em></span> <span class='ocrx_word' id='word_1_215' title='bbox 760 2363 825 2397; x_wconf 90' lang='grc'>216</span> <span class='ocrx_word' id='word_1_216' title='bbox 851 2362 965 2396; x_wconf 88' lang='lat' dir='ltr'>Istinc</span> <span class='ocrx_word' id='word_1_217' title='bbox 979 2360 1024 2404; x_wconf 86' lang='lat' dir='ltr'>B,</span> <span class='ocrx_word' id='word_1_218' title='bbox 1048 2360 1076 2396; x_wconf 89' lang='grc' dir='ltr'><em>Ο</em></span> <span class='ocrx_word' id='word_1_219' title='bbox 1143 2360 1298 2402; x_wconf 84' lang='lat' dir='ltr'>facimus</span> <span class='ocrx_word' id='word_1_220' title='bbox 1317 2361 1353 2395; x_wconf 91' lang='grc' dir='ltr'><em>Β</em></span> <span class='ocrx_word' id='word_1_221' title='bbox 1422 2361 1559 2396; x_wconf 86' lang='lat' dir='ltr'>factust</span> <span class='ocrx_word' id='word_1_222' title='bbox 1577 2361 1612 2395; x_wconf 82' lang='lat' dir='ltr'><strong><em>A</em></strong></span> 
     </span>
     <span class='ocr_line' id='line_1_33' title="bbox 132 2417 1611 2454; baseline 0 -2"><span class='ocrx_word' id='word_1_223' title='bbox 132 2418 197 2453; x_wconf 75' lang='lat'>217</span> <span class='ocrx_word' id='word_1_224' title='bbox 219 2418 270 2453; x_wconf 84' lang='lat' dir='ltr'>At</span> <span class='ocrx_word' id='word_1_225' title='bbox 291 2421 372 2454; x_wconf 72' lang='lat' dir='ltr'>tutu</span> <span class='ocrx_word' id='word_1_226' title='bbox 391 2418 426 2454; x_wconf 93' lang='lat' dir='ltr'><strong><em>B</em></strong></span> <span class='ocrx_word' id='word_1_227' title='bbox 519 2420 677 2454; x_wconf 82' lang='lat' dir='ltr'>mutauit</span> <span class='ocrx_word' id='word_1_228' title='bbox 698 2418 765 2454; x_wconf 86' lang='lat' dir='ltr'>BC</span> <span class='ocrx_word' id='word_1_229' title='bbox 854 2420 920 2452; x_wconf 80' lang='grc'>218</span> <span class='ocrx_word' id='word_1_230' title='bbox 945 2429 1027 2453; x_wconf 89' lang='lat' dir='ltr'>eum</span> <span class='ocrx_word' id='word_1_231' title='bbox 1052 2417 1118 2452; x_wconf 91' lang='grc' dir='ltr'>ΒΟ</span> <span class='ocrx_word' id='word_1_232' title='bbox 1206 2418 1266 2452; x_wconf 85' lang='lat' dir='ltr'>isti</span> <span class='ocrx_word' id='word_1_233' title='bbox 1291 2417 1361 2453; x_wconf 92' lang='grc' dir='ltr'>ΒΟ</span> <span class='ocrx_word' id='word_1_234' title='bbox 1448 2419 1514 2452; x_wconf 89' lang='grc'>219</span> <span class='ocrx_word' id='word_1_235' title='bbox 1538 2429 1611 2452; x_wconf 89' lang='lat' dir='ltr'>me-</span> 
     </span>
     <span class='ocr_line' id='line_1_34' title="bbox 132 2474 1614 2521; baseline 0.001 -13"><span class='ocrx_word' id='word_1_236' title='bbox 132 2474 248 2510; x_wconf 80' lang='lat' dir='ltr'>moria</span> <span class='ocrx_word' id='word_1_237' title='bbox 272 2479 329 2510; x_wconf 81' lang='lat' dir='ltr'>eat</span> <span class='ocrx_word' id='word_1_238' title='bbox 351 2477 451 2511; x_wconf 77' lang='lat' dir='ltr'>uitus</span> <span class='ocrx_word' id='word_1_239' title='bbox 476 2477 524 2511; x_wconf 82' lang='lat' dir='ltr'>sit</span> <span class='ocrx_word' id='word_1_240' title='bbox 548 2476 636 2521; x_wconf 85' lang='lat' dir='ltr'>quid</span> <span class='ocrx_word' id='word_1_241' title='bbox 663 2477 713 2511; x_wconf 80' lang='lat' dir='ltr'>ita</span> <span class='ocrx_word' id='word_1_242' title='bbox 727 2475 794 2510; x_wconf 89' lang='grc' dir='ltr'>ΒΟ</span> <span class='ocrx_word' id='word_1_243' title='bbox 876 2477 943 2509; x_wconf 88' lang='grc'>220</span> <span class='ocrx_word' id='word_1_244' title='bbox 966 2475 1066 2518; x_wconf 72' lang='lat' dir='ltr'>patia</span> <span class='ocrx_word' id='word_1_245' title='bbox 1091 2486 1112 2509; x_wconf 83' lang='lat' dir='ltr'>a</span> <span class='ocrx_word' id='word_1_246' title='bbox 1137 2475 1213 2509; x_wconf 87' lang='lat' dir='ltr'>uita</span> <span class='ocrx_word' id='word_1_247' title='bbox 1237 2479 1331 2519; x_wconf 72' lang='lat' dir='ltr'>equo</span> <span class='ocrx_word' id='word_1_248' title='bbox 1351 2486 1409 2509; x_wconf 88' lang='lat' dir='ltr'>me</span> <span class='ocrx_word' id='word_1_249' title='bbox 1423 2475 1468 2514; x_wconf 91' lang='lat' dir='ltr'>B,</span> <span class='ocrx_word' id='word_1_250' title='bbox 1493 2475 1614 2520; x_wconf 79' lang='lat' dir='ltr'>patiar</span> 
     </span>
     <span class='ocr_line' id='line_1_35' title="bbox 133 2530 1609 2578; baseline 0 -13"><span class='ocrx_word' id='word_1_251' title='bbox 133 2531 229 2566; x_wconf 77' lang='lat' dir='ltr'>auita</span> <span class='ocrx_word' id='word_1_252' title='bbox 253 2533 419 2578; x_wconf 82' lang='lat' dir='ltr'>Aequum</span> <span class='ocrx_word' id='word_1_253' title='bbox 446 2545 502 2568; x_wconf 84' lang='lat' dir='ltr'>me</span> <span class='ocrx_word' id='word_1_254' title='bbox 530 2533 559 2569; x_wconf 92' lang='grc' dir='ltr'><em>Ο</em></span> <span class='ocrx_word' id='word_1_255' title='bbox 636 2535 697 2567; x_wconf 91' lang='grc'>221</span> <span class='ocrx_word' id='word_1_256' title='bbox 727 2532 930 2567; x_wconf 87' lang='lat' dir='ltr'>Pilaculum</span> <span class='ocrx_word' id='word_1_257' title='bbox 956 2530 991 2566; x_wconf 89' lang='grc' dir='ltr'><em>Β</em></span> <span class='ocrx_word' id='word_1_258' title='bbox 1080 2532 1287 2576; x_wconf 86' lang='lat' dir='ltr'>gerentium</span> <span class='ocrx_word' id='word_1_259' title='bbox 1314 2530 1342 2566; x_wconf 91' lang='grc' dir='ltr'><em>Ο</em></span> <span class='ocrx_word' id='word_1_260' title='bbox 1433 2533 1499 2566; x_wconf 90' lang='grc'>222</span> <span class='ocrx_word' id='word_1_261' title='bbox 1524 2543 1609 2576; x_wconf 88' lang='lat' dir='ltr'>pro-</span> 
     </span>
     <span class='ocr_line' id='line_1_36' title="bbox 132 2585 1612 2634; baseline 0.001 -13"><span class='ocrx_word' id='word_1_262' title='bbox 132 2585 233 2623; x_wconf 83' lang='lat' dir='ltr'>bram</span> <span class='ocrx_word' id='word_1_263' title='bbox 256 2588 323 2624; x_wconf 90' lang='grc' dir='ltr'>ΒΟ</span> <span class='ocrx_word' id='word_1_264' title='bbox 421 2591 486 2624; x_wconf 89' lang='grc'>223</span> <span class='ocrx_word' id='word_1_265' title='bbox 512 2590 628 2634; x_wconf 85' lang='lat' dir='ltr'>quisq.</span> <span class='ocrx_word' id='word_1_266' title='bbox 655 2590 686 2624; x_wconf 81' lang='lat' dir='ltr'><strong><em>A</em></strong></span> <span class='ocrx_word' id='word_1_267' title='bbox 793 2589 998 2633; x_wconf 82' lang='lat' dir='ltr'>blandeque</span> <span class='ocrx_word' id='word_1_268' title='bbox 1108 2588 1174 2623; x_wconf 84' lang='grc'>224</span> <span class='ocrx_word' id='word_1_269' title='bbox 1198 2589 1401 2623; x_wconf 85' lang='lat' dir='ltr'>consultari</span> <span class='ocrx_word' id='word_1_270' title='bbox 1511 2589 1612 2632; x_wconf 87' lang='lat' dir='ltr'>loqui</span> 
     </span>
     <span class='ocr_line' id='line_1_37' title="bbox 133 2642 1525 2688; baseline 0.001 -10"><span class='ocrx_word' id='word_1_271' title='bbox 133 2642 255 2688; x_wconf 77' lang='lat' dir='ltr'>lingua</span> <span class='ocrx_word' id='word_1_272' title='bbox 278 2644 346 2681; x_wconf 91' lang='grc' dir='ltr'>ΒΟ</span> <span class='ocrx_word' id='word_1_273' title='bbox 439 2647 504 2681; x_wconf 84' lang='grc'>225</span> <span class='ocrx_word' id='word_1_274' title='bbox 529 2647 643 2681; x_wconf 85' lang='lat' dir='ltr'>sentis</span> <span class='ocrx_word' id='word_1_275' title='bbox 669 2645 823 2681; x_wconf 81' lang='lat' dir='ltr'>similem</span> <span class='ocrx_word' id='word_1_276' title='bbox 850 2657 929 2680; x_wconf 75' lang='lat' dir='ltr'>esse</span> <span class='ocrx_word' id='word_1_277' title='bbox 955 2645 1000 2688; x_wconf 83' lang='lat' dir='ltr'>A,</span> <span class='ocrx_word' id='word_1_278' title='bbox 1036 2656 1115 2680; x_wconf 84' lang='lat' dir='ltr'>esse</span> <span class='ocrx_word' id='word_1_279' title='bbox 1140 2645 1295 2680; x_wconf 86' lang='lat' dir='ltr'>similem</span> <span class='ocrx_word' id='word_1_280' title='bbox 1320 2645 1434 2680; x_wconf 81' lang='lat' dir='ltr'>sentis</span> <span class='ocrx_word' id='word_1_281' title='bbox 1459 2645 1525 2680; x_wconf 90' lang='grc' dir='ltr'>ΒΟ</span> 
     </span>
     <span class='ocr_line' id='line_1_38' title="bbox 133 2698 1610 2747; baseline 0.001 -12"><span class='ocrx_word' id='word_1_282' title='bbox 133 2698 283 2737; x_wconf 69' lang='lat' dir='ltr'>addecet</span> <span class='ocrx_word' id='word_1_283' title='bbox 306 2703 341 2737; x_wconf 76' lang='lat' dir='ltr'><strong><em>A</em></strong></span> <span class='ocrx_word' id='word_1_284' title='bbox 443 2705 510 2738; x_wconf 85' lang='grc'>226</span> <span class='ocrx_word' id='word_1_285' title='bbox 546 2703 741 2747; x_wconf 81' lang='lat' dir='ltr'>attingerit</span> <span class='ocrx_word' id='word_1_286' title='bbox 766 2701 836 2739; x_wconf 90' lang='grc' dir='ltr'>ΒΟ</span> <span class='ocrx_word' id='word_1_287' title='bbox 937 2703 970 2737; x_wconf 82' lang='lat' dir='ltr'>ei</span> <span class='ocrx_word' id='word_1_288' title='bbox 996 2712 1058 2737; x_wconf 83' lang='lat' dir='ltr'>om.</span> <span class='ocrx_word' id='word_1_289' title='bbox 1085 2701 1154 2737; x_wconf 89' lang='grc' dir='ltr'>ΒΟ</span> <span class='ocrx_word' id='word_1_290' title='bbox 1253 2702 1332 2737; x_wconf 85' lang='lat' dir='ltr'>dari</span> <span class='ocrx_word' id='word_1_291' title='bbox 1436 2704 1503 2736; x_wconf 74' lang='grc'>228</span> <span class='ocrx_word' id='word_1_292' title='bbox 1528 2714 1610 2737; x_wconf 86' lang='lat' dir='ltr'>curu</span> 
     </span>
     <span class='ocr_line' id='line_1_39' title="bbox 134 2756 349 2794; baseline 0.009 -2"><span class='ocrx_word' id='word_1_293' title='bbox 134 2756 256 2793; x_wconf 72' lang='lat' dir='ltr'>mittan</span> <span class='ocrx_word' id='word_1_294' title='bbox 279 2757 349 2794; x_wconf 91' lang='grc' dir='ltr'>ΒΟ</span> 
     </span>
    </p>
   </div>
   <div class='ocr_carea' id='block_1_10' title="bbox 231 2831 1307 2874">
    <p class='ocr_par' dir='ltr' id='par_1_14' title="bbox 231 2831 1307 2874">
     <span class='ocr_line' id='line_1_40' title="bbox 231 2831 1307 2874; baseline -0.004 -6"><span class='ocrx_word' id='word_1_295' title='bbox 231 2839 268 2868; x_wconf 83' lang='lat' dir='ltr'>v.</span> <span class='ocrx_word' id='word_1_296' title='bbox 1260 2831 1307 2874; x_wconf 47' lang='lat'>‚23</span> 
     </span>
    </p>
   </div>
  </div>
 </body>
</html>
