2009 3218
438 112 454 131 ὀ

393 242 470 280 104
1071 236 1191 270 Plauti
1604 237 1655 280 11,
1682 239 1712 281 2,
1741 239 1872 272 10-24

972 361 1272 403 Piscatores

388 435 562 476 Nullum
593 434 707 475 istac
738 432 860 484 facie,
892 437 942 475 ut
971 433 1211 487 praedicas,
1243 434 1413 476 uenisse
1444 433 1528 476 huc
1558 435 1730 476 scimus.

993 535 1266 577 Trachalio

1682 608 1872 662 Ecquem

388 681 624 722 Recaluom
654 693 705 721 ac
738 679 916 721 silonem
949 692 1108 728 senem,
1141 682 1366 729 statutum,
1400 679 1680 729 uentriosum,
1787 692 1872 725 .315

387 753 531 794 Tortis
563 751 817 805 superciliis,
848 754 1072 792 contracta
1101 749 1257 800 fronte,
1288 750 1623 800 fraudulentum,

388 824 577 865 Deorum
609 823 754 864 odium
780 826 911 876 atque
937 822 1171 872 hominum,
1203 822 1374 871 malum,
1408 823 1506 863 mali
1533 823 1612 863 uiti
1640 822 1871 876 probrique

1336 894 1521 946 plenum,
1561 943 1565 946 ξ

388 968 469 1018 Qui
501 967 678 1008 duceret
708 966 985 1007 mulierculas
1018 966 1122 1006 duas
1153 979 1301 1007 secum
1333 966 1438 1007 satis
1470 966 1708 1007 uenustas?

976 1067 1280 1109 Piscatores

388 1140 494 1183 Cum
525 1141 651 1182 istius
682 1140 798 1182 modi
829 1139 1070 1181 uirtutibus
1103 1140 1332 1193 operisque
1363 1143 1491 1181 natus
1524 1140 1597 1193 qui
1629 1141 1695 1191 sit,

386 1213 495 1254 Eum
528 1212 699 1267 quidem
731 1212 786 1253 ad
818 1211 1074 1253 carnuficem
1107 1215 1172 1253 est
1203 1212 1383 1265 aequius
1415 1225 1544 1264 quam
1575 1211 1629 1252 ad
1661 1211 1870 1254 Uenerem

1335 1296 1572 1324 conmeare.
1806 1295 1873 1329 320

987 1385 1265 1426 Trachalio

386 1458 443 1500 At
473 1459 509 1500 si
540 1458 725 1508 uidistis,
759 1457 901 1499 dicite.

974 1562 1037 1604 Pi
1047 1575 1067 1603 s
1079 1575 1098 1603 c
1109 1576 1132 1603 a
1144 1565 1159 1603 t
1169 1576 1190 1603 0
1202 1575 1224 1602 r
1237 1576 1256 1602 e
1267 1576 1288 1603 s

992 1635 1086 1675 Huc
1117 1634 1312 1688 profecto
1344 1634 1486 1675 nullus
1518 1637 1649 1677 uenit.

388 1707 508 1749 Uale.

987 1800 1264 1842 Trachalio

558 1873 722 1914 Ualete.
783 1872 971 1914 Credidi.
1030 1872 1213 1914 Factum
1245 1876 1310 1914 est
1342 1874 1458 1926 quod
1487 1872 1757 1927 suspicabar:

389 1946 503 1986 Data
535 1944 669 1986 uerba
700 1958 771 1986 ero
804 1948 921 1996 sunt3
952 1944 1049 1986 leno
1081 1943 1174 1985 abit
1206 1944 1414 1986 scelestus
1447 1944 1704 1986 exsulatum.

387 2017 433 2058 In
467 2030 618 2058 nauem
650 2017 857 2068 ascendit,
890 2017 1092 2058 mulieres
1125 2017 1289 2067 auexit3
1322 2015 1483 2058 ariolus
1517 2031 1622 2058 sum.

387 2090 427 2131 Is
461 2089 543 2130 huc
568 2102 683 2130 erum
713 2089 842 2129 etiam
867 2088 922 2130 ad
950 2089 1177 2143 prandium
1203 2088 1391 2137 uocauit,
1425 2087 1598 2130 sceleris
1623 2102 1778 2130 semen.
1806 2101 1871 2134 325

386 2161 510 2201 Nunc
542 2161 643 2214 quid
676 2160 779 2201 mihi
806 2160 988 2211 meliust,
1023 2174 1152 2213 quam
1178 2160 1275 2201 ilico
1302 2159 1371 2201 hic
1397 2160 1599 2213 opperiar
1625 2174 1743 2202 erum
1770 2161 1870 2202 dum

1332 2232 1506 2273 ueniat?

387 2303 563 2354 Eadem,
593 2302 699 2344 haec
731 2303 934 2345 sacerdos
966 2303 1153 2345 Ueneria
1185 2305 1219 2344 si
1252 2303 1355 2355 quid
1384 2302 1493 2354 forte
1524 2303 1706 2357 amplius
1738 2305 1833 2355 scit,

389 2375 432 2416 Si
463 2374 626 2426 uidero,
660 2376 954 2429 exquisiuero3
986 2375 1115 2416 faciet
1145 2389 1211 2416 me
1245 2375 1483 2416 certiorem.

501 2579 567 2613 315
593 2581 630 2611 at
656 2578 811 2612 silanum
920 2580 984 2612 317
1010 2579 1091 2612 uitii
1196 2579 1262 2612 319
1287 2578 1356 2612 siet
1452 2579 1518 2612 320
1543 2582 1582 2612 at
1686 2585 1811 2614 coeare
1836 2580 1870 2614 Β

387 2636 452 2670 322
477 2646 549 2679 quo
640 2636 704 2669 324
730 2634 896 2668 hariolus
991 2635 1054 2668 326
1079 2633 1253 2678 Nunquid
1269 2634 1296 2669 G
1386 2635 1514 2669 melius
1539 2635 1575 2669 B
1668 2636 1813 2680 operiar
1832 2635 1868 2670 Β

387 2694 453 2727 327
479 2693 573 2726 hanc
666 2691 763 2725 forte
789 2701 852 2725 om.
