2009 3218
161 144 211 186 11.
233 146 267 188 4.
294 144 470 178 176—185
785 143 1034 181 Trinummun.
1566 153 1647 192 289

737 269 1065 314 Lesbonicus

159 340 254 391 Sed,
285 341 484 389 Stasime,
515 341 585 383 abi
618 341 702 383 huc
732 341 788 383 ad
821 356 959 384 meam
991 358 1181 386 sororem
1215 345 1270 387 ad
1303 344 1546 398 Calliclem

160 415 236 458 Dic
266 413 347 456 hoc
378 413 522 465 negoti
555 426 641 466 quo
674 413 798 455 modo
830 417 1032 457 actumst.

763 503 790 545 S
803 508 816 544 t
830 519 854 546 a
866 506 1034 548 simus

1096 578 1249 620 Ibitur.
1579 592 1648 626 580

728 670 1066 714 Lesbonicus

156 743 211 786 Et
240 743 484 797 gratulator
518 757 636 785 meae
667 744 818 785 sorori.

762 838 1052 898 Stasimus.

887 912 1074 953 Scilicet.

804 990 984 1032 Philto

154 1061 174 1104 1
205 1061 301 1113 hac,
332 1061 584 1111 Lesbonice‚
619 1075 795 1107 mecum,
829 1070 875 1104 ut
906 1075 1050 1104 coram
1083 1062 1247 1116 nuptiis

157 1133 257 1176 Dies
288 1134 602 1186 constituatur3
635 1134 786 1177 eadem
817 1134 926 1176 haec
956 1133 1321 1177 confirmabimus.

724 1225 1060 1267 Lesbonicus
1313 1280 1315 1282 q

151 1296 214 1339 Tu
245 1297 357 1339 istuc
388 1311 493 1340 cura
524 1298 639 1352 quod
671 1301 709 1340 te
739 1298 865 1349 iussi;
897 1312 974 1352 ego
1008 1299 1092 1339 iam
1125 1297 1196 1340 hic
1228 1312 1314 1340 ero.

153 1368 230 1410 Dic
260 1367 427 1411 Callicli
459 1383 525 1411 me
558 1375 606 1411 ut
638 1374 864 1412 conuenat.

760 1460 1026 1503 Stasinlus

912 1533 1024 1583 Quin
1056 1537 1103 1573 tu
1136 1534 1149 1574 i
1181 1533 1322 1575 modo.
1575 1545 1641 1578 535

728 1623 1058 1666 Lesbonicus

153 1693 212 1736 De
244 1695 343 1737 dote
374 1700 423 1737 ut
454 1695 604 1738 uideat
635 1696 738 1750 'quid
771 1709 878 1750 opus
909 1697 967 1737 sit
998 1696 1136 1747 fact03

759 1786 1024 1829 Stasimus

1175 1844 1194 1885 I
1225 1844 1364 1886 modo.

725 1922 758 1964 L
770 1939 791 1964 e
803 1923 858 1964 sb
870 1937 893 1964 o
904 1938 930 1964 n
942 1923 953 1964 i
967 1937 989 1964 c
1001 1938 1025 1964 u
1039 1937 1057 1964 s

150 1993 257 2038 Nam
289 1999 498 2038 certumst
528 1996 619 2038 sine
652 1995 753 2037 dote
785 1994 902 2037 haud
934 1995 1051 2045 dare,

759 2097 1026 2140 Stasimus

1100 2170 1212 2220 Quin
1242 2175 1291 2212 tu
1322 2171 1335 2212 i
1368 2170 1509 2213 modo.

722 2249 1056 2292 Lesbonicus

88 2341 90 2346 ·
154 2317 303 2376 Neque
334 2322 446 2363 enim
478 2320 541 2363 illi
573 2320 731 2363 damno
762 2319 968 2376 u'mquam
999 2335 1093 2364 esse
1123 2321 1268 2376 patiar

759 2416 1026 2458 Stasimus

1382 2474 1463 2517 Abi
1496 2475 1636 2517 modo.

165 2653 171 2661 .
259 2609 329 2651 579
353 2609 438 2644 habi
463 2609 500 2644 B
598 2612 666 2645 580
690 2613 814 2645 actum
841 2610 869 2644 si
895 2609 930 2645 Β
1028 2610 1096 2644 584
1121 2613 1156 2645 te
1182 2620 1248 2646 om.
1350 2612 1416 2645 585
1441 2611 1639 2645 conueniat

7 2692 28 2726 ..Α
102 2662 107 2666 ’
150 2664 340 2758 fflgzic}
352 2667 472 2712 possit
496 2665 595 2701 facto
694 2666 760 2700 587
785 2669 927 2701 certum
953 2665 983 2700 si
1008 2665 1074 2700 BC
1163 2667 1255 2702 sime
1283 2666 1313 2702 Ο
1404 2666 1567 2701 haddare
1593 2667 1628 2700 B

250 2790 285 2817 v.
1327 2797 1367 2852 19
