2009 3218
322 191 406 231 378
998 187 1120 222 Plauti
1538 189 1588 232 11,
1612 190 1643 232 7,
1669 176 1802 245 24-32

948 311 1171 367 Cyamus

324 383 458 427 Ualoo
483 388 526 426 et
552 384 680 425 uenio
712 383 768 425 ad
790 384 931 425 minus
957 383 1177 426 ualentem
1204 388 1247 425 et
1271 383 1422 425 melius
1448 385 1520 438 qui
1538 384 1683 426 ualeat
1699 385 1800 427 fero.

322 455 434 497 Erus
466 469 584 497 meus
615 458 655 496 et
686 455 848 497 ocellus
879 459 978 497 tuus
1010 454 1182 496 adferre
1216 469 1281 496 me
1311 455 1419 497 haec
1451 456 1578 497 iussit
1608 455 1700 514 tibi*

324 527 461 577 Dona,
493 540 604 580 quae
635 526 757 568 uides
788 526 886 575 illos
916 526 1030 568 ferre
1063 530 1106 568 et
1136 526 1214 567 has
1246 527 1436 580 quinque.
1462 528 1629 580 argenti
1656 528 1803 570 minas.

885 627 1237 669 Phronesium

437 699 515 742 Pol
546 698 663 740 haud
695 699 819 752 perit,
851 698 964 753 quod
997 699 1116 740 illum
1151 703 1319 740 tantum
1353 712 1458 740 amo.
1737 710 1803 744 575

644 851 649 858 ⁴
949 791 1171 847 Cyamus

436 865 568 907 Iussit
599 878 724 906 orare
756 868 805 905 ut
835 864 942 905 haec
973 869 1098 917 grata
1129 863 1312 905 haberes
1344 863 1435 905 tibi.
1502 919 1508 923 ι

893 965 924 1006 Ρ
935 942 1064 1007 flron
1076 979 1097 1006 e
1109 965 1151 1007 si
1164 979 1191 1006 u
1204 979 1242 1006 111

323 1039 466 1081 Grata
491 1041 746 1092 acceptaque
774 1042 940 1079 ecastor
961 1037 1115 1078 habeo.
1176 1035 1281 1077 Iube
1299 1036 1457 1077 auferri
1478 1037 1602 1085 intro,
1636 1035 1803 1091 Cyame.

950 1136 1175 1192 Cyamus

440 1211 606 1265 Ecquid
638 1210 810 1262 auditis,
842 1210 950 1252 haec
982 1224 1093 1264 quae
1125 1210 1322 1264 inperat?

437 1283 554 1325 Uasa
583 1282 683 1324 nolo
716 1282 934 1333 auferant3
969 1281 1176 1323 desiccari
1209 1281 1320 1323 iube.

881 1383 912 1424 P
925 1383 953 1424 h
966 1398 985 1424 r
997 1398 1019 1425 o
1033 1399 1058 1424 n
1074 1397 1095 1424 e
1111 1384 1243 1424 sium

326 1456 544 1510 Inpudens
575 1460 799 1505 mecastor,
832 1454 1000 1510 Cyame,
1033 1469 1088 1496 es.

957 1555 1175 1610 Cyamus

1134 1628 1309 1681 Egone?

885 1730 1244 1772 Phronesium

1338 1801 1412 1842 Tu.

952 1894 1174 1949 Cyamus

1445 1966 1562 2007 Boua
1592 1966 1688 2009 fide.
1742 1977 1823 2010 580⁷
1895 1990 1906 2002 ι

322 2039 418 2080 Tun
435 2052 500 2080 me
517 2040 579 2079 ais
597 2038 872 2092 inpudentem
891 2052 995 2091 esse,
1029 2052 1155 2093 eapse
1181 2052 1289 2092 quae
1317 2040 1375 2079 sis
1398 2037 1616 2080 stabulum
1641 2037 1806 2091 flagiti?

889 2140 1240 2183 Phronesium

440 2211 530 2260 Dic,
563 2211 718 2253 amabo
751 2217 805 2263 te,
836 2213 910 2254 ubi
942 2218 1005 2254 est
1038 2211 1330 2254 Diniarchus?

955 2313 1178 2369 Cyamus

1383 2385 1516 2427 Domi.

440 2521 506 2554 572
529 2521 629 2554 minu
712 2521 776 2556 573
802 2524 838 2555 et
863 2531 926 2556 om.
1016 2525 1092 2555 atte
1119 2532 1176 2555 me
1201 2520 1296 2556 ferre
1322 2519 1366 2562 B,
1394 2522 1432 2553 at
1456 2524 1491 2554 te
1516 2519 1611 2554 ferre
1638 2517 1667 2553 G
1741 2516 1807 2551 574
1877 2549 1890 2557 ,

326 2576 400 2612 fere
484 2577 549 2611 575
575 2588 626 2620 sq.
657 2577 796 2611 amolus
822 2578 870 2612 sit
895 2588 1049 2621 operare
1131 2579 1197 2611 577
1223 2587 1358 2620 acaque
1382 2575 1425 2618 B,
1453 2587 1521 2619 que
1549 2574 1578 2610 C
1655 2572 1806 2608 ichiame
1864 2600 1867 2604 .

325 2635 393 2669 578
417 2633 495 2669 Hec
520 2632 606 2678 quid
688 2633 774 2677 heq3
802 2638 877 2668 tam
902 2635 1047 2678 inperat
1129 2634 1195 2667 579
1221 2632 1336 2667 Suasa
1417 2633 1519 2666 iubet
1601 2631 1666 2665 580
1689 2630 1805 2665 Immo

327 2689 444 2735 pudet
536 2690 807 2733 cuamestegori
892 2692 953 2725 581
982 2689 1085 2725 Tune
1112 2701 1149 2724 as
1174 2689 1218 2733 Β,
1247 2693 1335 2724 tune
1361 2700 1426 2722 ans
1454 2688 1482 2723 C
1559 2699 1617 2722 me
1643 2697 1721 2722 esee
1888 2719 1889 2722 ,

326 2747 431 2791 aipsa
456 2745 500 2789 Β,
528 2747 609 2790 ipsa
635 2745 663 2780 C
727 2746 957 2781 *sistabulum
984 2746 1114 2790 flagitii
1190 2747 1255 2780 582
1280 2745 1463 2780 diniarcus
1489 2744 1534 2787 B,
1562 2743 1758 2778 dinarchus
1782 2740 1823 2777 0.
1871 2767 1882 2779 .-
