2009 3218
159 187 215 223 ιν.
242 189 272 224 3,
298 163 432 221 90--9ό
824 187 981 222 audeus.
1572 193 1646 230 15,ss

156 313 218 355 Tu
251 317 416 361 taceto,
457 325 537 365 ego
571 311 828 363 mussitab03
874 311 956 354 hoc
995 318 1217 367 optumum
1258 318 1389 368 atque
1422 314 1647 369 aequissu-

1106 399 1219 426 mum
1253 390 1330 428 est.

765 464 1039 506 Trachalio

158 535 322 590 Ecquid
354 535 622 578 condicionis
654 535 787 578 audes
819 535 961 578 ferre?

801 630 998 682 Gripus

1009 702 1100 744 Iam
1133 702 1294 744 dudum
1325 702 1441 745 fero:

155 773 211 816 Ut
241 774 387 824 abeas,
419 773 645 816 rudentem
677 775 868 826 amittas,
900 773 1004 816 mihi
1038 774 1245 817 molestus
1277 789 1329 817 ne
1362 775 1461 817 sies.

761 869 1043 911 Trachalio

155 941 290 991 Mane,
324 941 425 982 dum
456 940 597 983 refero
630 941 941 983 condicionem.

802 1052 1004 1103 Gripus

839 1123 912 1176 Te,
945 1123 1126 1166 obsecro
1157 1123 1317 1175 hercle,
1348 1122 1472 1165 aufer
1504 1124 1643 1166 modo.

755 1218 1034 1260 Trachalio

156 1291 344 1346 Ecquem
378 1292 419 1332 in
452 1291 519 1333 his
551 1290 658 1333 locis
691 1290 884 1333 nouisti?

802 1385 1001 1437 Gripus

956 1456 1141 1511 Oportet
1173 1457 1338 1500 uicinos
1371 1471 1498 1500 meos.
1560 1468 1646 1502 1020

765 1552 1036 1594 Trachalio

155 1625 238 1668 Ubi
268 1629 314 1667 tu
346 1624 415 1667 hic
446 1624 646 1667 habitas?

797 1720 894 1762 (ἄνι’
940 1733 997 1760 us

569 1791 702 1833 Porro
734 1791 822 1833 illic
853 1733 978 1845 loffge
1010 1804 1147 1845 usque
1180 1791 1223 1832 in
1255 1790 1419 1844 campis
1450 1789 1644 1832 ultumis.

762 1886 1034 1929 Trachalio

154 1957 247 2008 Uin,
280 1959 353 2012 qui
386 1959 426 1999 in
461 1958 542 2000 hac
575 1958 683 2000 uilla
714 1958 896 2008 habitat,
929 1959 1021 2001 eius
1054 1957 1272 2000 arbitratu
1304 1957 1424 1999 fieri‘?

801 2053 999 2106 Gripus

153 2123 379 2179 Paulisper
409 2126 582 2168 remitte
615 2131 785 2175 restem,
819 2125 918 2167 dum
952 2124 1144 2167 concedo
1176 2128 1220 2166 et
1251 2122 1442 2166 consulo.

757 2220 1035 2262 Trachalio

154 2291 263 2334 Fiat.

801 2363 1001 2415 Gripus

319 2436 450 2489 Euge,
482 2436 606 2478 salua
639 2450 708 2477 res
741 2442 827 2487 est3
861 2435 1027 2490 praeda
1058 2434 1165 2478 haec
1195 2439 1410 2489 perpetua
1440 2441 1506 2477 est
1537 2448 1644 2476 mea.

154 2507 219 2549 Ad
244 2522 384 2550 meum
407 2522 525 2550 erum
553 2508 762 2549 arbitrum
790 2512 919 2550 uocat
946 2521 1011 2548 me
1037 2507 1105 2548 hic
1129 2507 1243 2548 intra
1268 2506 1491 2561 praesepis
1510 2520 1640 2548 meas.

270 2668 354 2701 1016
380 2667 563 2701 musitabo
650 2667 734 2700 1018
759 2665 894 2700 habeas
922 2665 951 2700 C
1023 2665 1210 2699 ammittas
1239 2664 1268 2700 G
1353 2665 1439 2698 1019
1465 2663 1584 2698 aufert.
1609 2663 1644 2697 B

159 2724 242 2757 1020
265 2723 343 2758 heis
368 2724 402 2760 B
514 2724 599 2757 1022
624 2722 705 2757 fleri
732 2723 760 2755 C
872 2723 956 2756 1023
981 2723 1205 2757 remitterest
1231 2722 1311 2756 hem
1340 2721 1368 2755 C
1483 2722 1569 2755 1025
1595 2722 1638 2753 At

155 2789 272 2814 meum
299 2791 420 2815 aerum
449 2781 482 2815 B
576 2780 663 2814 meis
693 2778 721 2814 C
