2009 3218
0 0 114 142 ΨΑ

56 86 76 99 Α,,

0 120 6 132 ι

30 150 43 179 '2

119 225 184 270 IV,
207 227 239 268 4,
265 224 397 267 88—V‚
422 226 444 260 8
734 225 992 259 Truculentus.
1520 227 1602 265 403

684 349 1032 391 Phronesium

233 423 330 465 Sine
360 436 538 476 eumpse
569 421 700 466 adire.
733 427 781 462 ut
805 422 938 474 cupit,
970 422 1023 462 ad
1052 436 1115 462 me
1141 422 1318 462 ach-ecta
1339 421 1364 469 †
1382 422 1415 462 si
1442 426 1602 463 tenent.

122 495 186 539 Ne
215 496 347 537 istum
378 499 549 536 ecastor
580 493 706 535 hodie
738 494 897 534 astutis
929 494 1149 534 conficiam
1184 493 1379 534 fallaciis.

369 739 859 781 STRAT0PHANES
948 739 1370 782 PHRONESIUM

492 818 868 861 ASTAPHIUM
951 818 1246 860 STRABAX

659 948 1068 1002 Stratophanes

127 1023 276 1064 Animo
307 1035 452 1063 amaro
485 1022 575 1062 fero
607 1021 865 1074 supplicium
899 1021 1066 1061 damnis
1099 1021 1153 1062 ad
1185 1022 1368 1062 amicam
1402 1036 1552 1063 meam.

128 1094 184 1137 Ut
213 1094 320 1136 illud
351 1098 576 1148 acceptum
605 1094 674 1142 sit,
718 1094 838 1146 prius
869 1093 984 1147 quod
1018 1093 1207 1146 perdidi,
1248 1093 1328 1134 hoe
1358 1094 1515 1135 addam
1548 1095 1610 1134 in-

1076 1180 1218 1220 super.

132 1238 215 1280 Sed
245 1238 348 1292 quid
379 1238 537 1279 uideo?
569 1251 687 1279 eram
720 1244 850 1290 atque
883 1237 1082 1278 ancillam
1108 1243 1208 1279 ante
1233 1237 1385 1279 aedis?
1415 1239 1614 1280 adeunda

1075 1309 1183 1351 haec
1217 1311 1319 1350 mihi
1350 1315 1428 1351 est.
1548 1322 1616 1355 885

132 1381 238 1432 Quid
271 1382 340 1423 hic
370 1397 447 1424 uos
478 1382 638 1435 agitis?

690 1477 1044 1519 Phronesium

659 1549 723 1591 Ne
756 1564 821 1591 me
853 1551 1037 1604 appella.

674 1651 1077 1707 Stratophanes

1054 1725 1242 1767 Nimium
1275 1727 1438 1778 saeuis;
1469 1727 1508 1768 ie
1527 1761 1532 1766 .
1555 1760 1562 1766 .
1582 1761 1588 1767 .
1610 1758 1617 1764 .

698 1821 1048 1862 Phronesium

136 1891 260 1934 Potin
292 1897 340 1933 ut
371 1892 473 1934 mihi
505 1892 711 1934 molestus
744 1908 796 1934 ne
828 1894 941 1935 sies?

677 1995 1080 2049 Stratophanes

899 2066 1022 2117 Quid,
1057 2066 1321 2121 Astaphium,
1352 2067 1490 2110 litium
1524 2068 1622 2110 est‘?

720 2171 1035 2224 Astaphium

139 2239 292 2284 Merito
324 2247 521 2285 eccastor
552 2243 633 2284 tibi
665 2249 901 2284 suscenset.

703 2346 733 2386 P
745 2346 772 2388 h
785 2361 804 2386 r
816 2361 838 2387 0
853 2360 877 2386 n
892 2359 914 2386 e
927 2346 1009 2386 siu
1023 2360 1061 2386 m

844 2417 1015 2470 Egone?
1047 2422 1178 2471 atque
1209 2418 1279 2459 isti
1311 2418 1442 2459 etiam
1473 2432 1624 2472 parum

141 2485 253 2529 Male
282 2488 396 2531 uolo.

249 2648 314 2681 881
342 2647 492 2683 Sineum
516 2647 594 2692 ipse
739 2649 806 2681 332
832 2647 944 2681 hastis
970 2647 1180 2682 confectum
1331 2648 1445 2683 Tituli
1466 2649 1627 2692 spatium

139 2708 246 2740 vacat
343 2706 412 2740 883
435 2704 490 2739 Eo
514 2705 606 2739 mihi
631 2716 756 2739 amare
873 2705 940 2738 885
966 2704 1068 2738 uidet
1168 2710 1226 2739 est
1250 2705 1329 2739 haec
1354 2705 1443 2738 mihi
1559 2706 1627 2738 886

142 2759 303 2804 :ppellat
393 2762 529 2797 nimius
553 2763 611 2796 eui
636 2763 687 2797 sic
786 2762 852 2794 837
880 2761 987 2795 Potin
1013 2771 1051 2794 es
1077 2764 1117 2794 ut
1212 2762 1456 2805 astapilitium
1561 2762 1628 2795 898

144 2815 213 2850 sibi
304 2817 360 2862 leg
366 2830 414 2852 on
440 2825 551 2863 atque
576 2830 622 2854 ne

1275 2923 1280 2926 .
1290 2889 1358 2924 26*
