2009 3218
327 205 408 244 624
937 201 1191 238 Truculentus.

326 326 550 368 adueniat“.
585 348 634 353 —
669 329 762 366 224.
796 326 1029 368 consultare
1059 330 1163 369 Cam.
1233 329 1376 381 linqua
1407 329 1521 382 loqui
1550 334 1595 371 A.
1630 353 1679 358 -
1714 335 1806 372 225.

323 394 455 436 sentis
499 407 587 435 esse
630 392 809 434 Similem
854 396 939 434 Sch.
985 400 1130 445 „sentis
1177 401 1342 437 similem
1383 413 1465 438 esse
1511 401 1697 439 addecet“
1741 402 1806 452 Sp.

321 465 377 503 Cf.
410 465 538 503 Oasin.
574 465 666 502 681.
693 484 741 489 —
779 465 870 502 226.
904 462 940 502 ei
970 465 1057 503 add.
1083 467 1129 504 A.
1193 464 1288 505 (lare
1311 467 1481 505 Goeller.
1508 467 1621 517 Seyff.
1641 468 1806 508 Schoell.

319 553 373 559 —
416 534 495 571 227
527 546 583 582 sq.
629 533 876 582 „Numquam
915 547 1000 571 cum
1041 540 1212 571 amatore
1253 536 1331 573 alio
1371 535 1487 572 modo
1529 550 1643 585 agere
1675 537 1805 584 debet,

320 603 425 651 quin,
458 602 490 638 si
523 601 621 638 nihil
652 600 730 646 det,
764 614 852 638 eum
883 601 1080 639 dimittat“
1116 602 1180 652 Sp.
1254 603 1506 652 Comparatio
1536 605 1662 653 petita
1693 604 1741 641 ab
1766 619 1807 642 re

321 670 507 714 militari,
551 668 618 706 ubi
657 682 741 716 eos,
787 671 854 719 qui
899 670 947 706 ad
987 671 1194 719 imperium
1240 674 1383 719 praesto
1429 685 1504 708 non
1545 671 1701 710 fuerant
1739 677 1808 710 aut

322 750 491 787 pugnam
525 737 855 783 detrectaverant,
889 751 972 775 cum
1001 739 1216 786 ignominia
1242 744 1390 787 praetor
1417 739 1523 775 abire
1547 740 1725 789 iubebat,
1759 742 1803 779 cf.

322 805 437 855 Corp.
472 805 590 842 Inscr.
623 805 708 842 Lat.
741 805 771 851 I,
805 806 896 852 206,
929 820 963 843 v.
1002 807 1099 843 121:
1144 807 1258 855 „quoi
1297 811 1391 855 aput
1424 808 1638 845 exercitum
1669 810 1806 857 ingno-

321 873 461 910 miniae
492 886 628 911 caussa
657 873 754 911 ordo
785 874 989 922 ademptus
1021 878 1080 910 est
1110 876 1196 920 erit,
1230 887 1394 923 quemue
1429 875 1644 924 imperator
1675 879 1806 926 ingno-

319 942 462 978 miniae
503 954 637 979 caussa
675 942 722 978 ab
763 943 934 978 exercitu
974 942 1162 979 decedere
1202 943 1296 980 iusit
1335 941 1514 981 inserit“.
1589 942 1707 981 Cuius
1749 945 1805 981 rei

319 1010 496 1059 exempla
534 1013 625 1047 sunt
663 1009 706 1048 B.
738 1010 857 1046 Afric.
892 1010 955 1047 54.
1018 1009 1101 1047 Liv.
1134 1010 1207 1058 ΙΙΙ,
1251 1012 1293 1057 5,
1331 1012 1394 1048 15.
1455 1011 1562 1048 Suet.
1596 1012 1695 1059 Aug.
1730 1013 1802 1050 24:

324 1077 546 1121 „Decimam
578 1078 769 1127 legionem
803 1078 1068 1115 contumacius
1099 1083 1302 1129 parentem
1335 1092 1419 1116 cum
1446 1080 1657 1128 ignominia
1681 1083 1803 1118 totam

319 1144 508 1183 dimisit“.
548 1146 598 1183 al.
672 1140 925 1195 Infrequens
963 1151 1113 1193 autem,
1161 1152 1202 1184 ut
1241 1149 1297 1184 ait
1334 1147 1440 1185 Fest.
1479 1147 1588 1197 Epit.
1628 1162 1666 1198 p.
1703 1150 1803 1186 112:

323 1214 570 1263 „appellatur
617 1215 744 1261 miles,
792 1215 856 1263 qui
904 1214 1015 1252 abest
1060 1215 1207 1252 afuitve
1255 1229 1277 1251 a
1315 1214 1476 1264 signis⁴‘,
1522 1216 1569 1252 cf.
1610 1216 1723 1254 Rhet.
1756 1217 1804 1254 ad

318 1282 458 1319 Heren.
491 1282 556 1328 IV,
591 1283 654 1330 27,
690 1284 753 1320 37.
823 1277 1001 1320 Causam
1030 1280 1163 1320 noscit
1200 1284 1279 1319 sive
1313 1285 1509 1332 cognoscit
1541 1285 1803 1332 magistratuS,

315 1365 351 1388 v.
385 1350 470 1387 Liv.
503 1350 628 1397 XXX,
663 1352 729 1398 24,
759 1352 798 1388 4.
843 1350 1024 1396 XXXIV,
1060 1353 1123 1397 56,
1158 1352 1194 1388 9.
1228 1371 1279 1376 ——
1314 1352 1406 1388 229.
1446 1361 1642 1401 umquam
1672 1354 1804 1401 priore

315 1422 510 1468 correpta,
544 1432 579 1457 v.
612 1419 768 1467 Proleg.
797 1432 834 1468 p.
863 1420 955 1456 203.
983 1439 1037 1444 —
1063 1421 1157 1457 230.
1194 1419 1317 1465 „Dum
1338 1449 1345 1456 .
1365 1449 1373 1456 .
1393 1449 1400 1456 .
1422 1417 1527 1456 tum“
1560 1420 1697 1458 Latine
1727 1435 1805 1460 non

315 1487 480 1534 dicitur3
528 1484 651 1525 dum.
672 1517 679 1525 .
699 1517 708 1526 .
727 1484 824 1525 dum
855 1487 1066 1524 Lambinus
1099 1489 1263 1537 aliique,
1306 1501 1340 1526 v.
1373 1487 1560 1534 Schoell.,
1602 1492 1646 1526 ut
1676 1489 1802 1527 Catul.

316 1556 380 1602 62,
414 1556 484 1610 45:
537 1556 625 1603 „Sic
655 1557 783 1605 virgo,
832 1555 923 1593 dum
957 1556 1104 1593 intacta
1134 1561 1285 1603 manet,
1334 1557 1423 1593 dum
1465 1569 1553 1593 cara
1592 1558 1671 1594 suis
1702 1555 1802 1607 est“,

313 1624 379 1660 ubi
404 1627 447 1660 ut
471 1625 528 1660 ait
545 1624 708 1670 Quintil.
726 1624 792 1671 IX,
822 1625 858 1668 3,
887 1624 935 1661 16
965 1625 1100 1674 „prius
1125 1625 1215 1662 dum
1241 1625 1434 1674 significat
1465 1624 1606 1674 quoad,
1637 1639 1802 1675 sequens

315 1705 438 1741 usque
463 1689 549 1729 eo“.
594 1691 721 1729 Affert
745 1693 861 1729 etiam
881 1691 1028 1730 Nonius
1051 1707 1088 1743 p.
1109 1694 1172 1739 89,
1200 1693 1267 1729 sed
1287 1696 1489 1743 corrupte:
1523 1692 1638 1740 „dum
1663 1694 1799 1732 abeam
1838 1696 1841 1701 ”

313 1760 418 1809 quod
444 1763 547 1797 amet
572 1760 638 1797 ubi
665 1760 762 1797 nihil
787 1758 1010 1808 coepiam“;
1043 1761 1156 1797 affert
1173 1765 1301 1798 autem
1318 1764 1484 1810 propter
1502 1763 1706 1810 praesentis
1723 1763 1799 1800 for-

316 1842 413 1865 mam
446 1825 612 1877 coepiat,
647 1843 680 1865 v.
715 1829 763 1865 ad
796 1828 899 1865 Men.
928 1830 1020 1866 941.
1050 1849 1101 1854 —
1135 1830 1227 1867 231.
1269 1826 1335 1866 det
1367 1830 1411 1866 A.
1441 1848 1488 1854 -
1523 1830 1614 1867 232.
1648 1827 1800 1880 Nuyae

312 1896 421 1943 sunt,
454 1897 551 1933 nihil
584 1901 652 1943 est,
686 1897 783 1933 nulli
815 1898 914 1942 usui,
949 1897 996 1934 cf.
1029 1897 1140 1934 Curc.
1179 1899 1268 1935 199.
1303 1917 1357 1922 -
1386 1895 1506 1934 modo
1537 1907 1659 1947 quom
1684 1898 1798 1935 Both.

314 1984 366 1990 —
393 1966 485 2003 233.
519 1961 584 2002 hie
614 1964 775 2002 amatur
798 1965 931 2002 Muell.
950 1984 1004 1990 —
1028 1961 1195 2003 oblitust
1210 1965 1255 2003 A.
1281 1986 1335 1991 —
1362 1967 1454 2004 234.
1488 1962 1640 2004 relictis
1663 1963 1797 2012 rebus,

315 2048 347 2071 v.
381 2033 429 2070 ad
460 2033 577 2083 Epid.
611 2034 704 2070 603.
766 2033 879 2070 Hunc
910 2046 1063 2071 versum
1097 2034 1200 2072 Brix.
1233 2038 1321 2084 post
1353 2035 1430 2072 229
1464 2033 1653 2083 ponebat;
1694 2034 1798 2083 Bug-

312 2102 398 2150 gius
428 2102 560 2150 potius
591 2102 764 2149 spurium
796 2101 979 2150 putabat,
1025 2101 1188 2139 Schoell.
1225 2116 1283 2140 vv.
1318 2103 1508 2140 232—34
1541 2103 1719 2140 seclusit:
1744 2122 1798 2128 -—-

314 2170 405 2206 236.
439 2166 511 2218 qui
540 2164 717 2206 sumus?
747 2166 852 2218 quid
880 2168 940 2207 est
971 2167 1082 2218 quod
1109 2166 1217 2208 male
1247 2170 1293 2207 A.
1327 2190 1380 2196 —
1413 2172 1505 2208 238.
1537 2179 1613 2208 nos
1643 2174 1682 2208 et
1712 2180 1796 2208 um-

313 2246 435 2286 quam
466 2237 554 2275 add.
588 2238 633 2274 A.
671 2257 718 2261 —-
761 2238 854 2275 239.
902 2234 950 2275 ab
982 2238 1027 2275 A.
1059 2258 1114 2262 —
1161 2240 1253 2276 240.
1301 2237 1412 2288 quod
1442 2237 1508 2276 det
1537 2240 1582 2276 A.
1623 2258 1676 2264 —
1715 2234 1798 2277 soli

312 2301 519 2342 credimus
564 2305 635 2350 id.,
692 2305 715 2341 i.
758 2318 790 2342 e.
829 2306 911 2342 sine
955 2306 1124 2344 testibus
1170 2310 1238 2344 aut
1282 2306 1549 2344 satisdatione.
1595 2326 1648 2332 —
1703 2307 1794 2345 243.

312 2371 482 2409 Difficile
515 2372 688 2409 iudicatu
720 2378 790 2418 est,
825 2377 952 2410 utrum
985 2387 1070 2411 cum
1101 2375 1135 2411 A
1171 2375 1348 2421 „demum
1381 2374 1596 2424 oggerunt“
1632 2388 1678 2412 an
1711 2388 1796 2412 cum

312 2441 453 2478 ceteris
488 2441 645 2487 „demus
677 2438 852 2478 danunt“
887 2443 1133 2479 scribendum
1168 2445 1236 2490 sit;
1277 2457 1364 2481 nam
1397 2440 1550 2489 demus,
1590 2443 1694 2493 quod
1723 2456 1796 2493 pro

316 2505 518 2556 „den1u1n“
547 2508 650 2557 apud
675 2508 829 2546 Livium
849 2510 1112 2547 Andronicum
1142 2511 1217 2559 legi
1239 2515 1408 2549 testatur
1425 2511 1529 2548 Fest.
1549 2510 1652 2560 Epit.
1672 2524 1710 2561 p.
1730 2511 1793 2558 ¹70,

311 2577 548 2626 antiquitate
586 2577 670 2625 ipsa
709 2581 845 2614 tuetur
878 2577 1017 2627 Bergk.
1050 2578 1169 2615 Beitr.
1202 2592 1237 2629 p.
1276 2581 1364 2617 132.
1427 2580 1571 2617 Contra
1601 2578 1792 2616 Fleckeis.

312 2647 352 2681 et
382 2644 554 2691 Langen.
579 2643 699 2680 Beitr.
726 2657 762 2693 p.
791 2646 888 2682 305:
927 2645 1123 2692 ‚,demuut,
1157 2646 1346 2684 danunt“.
1408 2647 1597 2696 Equidem
1631 2647 1678 2683 de
1709 2647 1794 2696 ipso

313 2712 497 2750 adverbio
527 2725 603 2749 non
635 2711 791 2759 dubito,
840 2714 1015 2761 quamvis
1056 2715 1273 2751 accuratius
1304 2714 1517 2751 diceretur:
1565 2728 1610 2752 eo
1641 2715 1792 2752 demum

312 2781 481 2819 contenti
511 2792 661 2825 sumuS,
710 2780 775 2828 qui
815 2779 861 2816 de
902 2780 1053 2830 integro
1093 2782 1235 2819 haurit.
1284 2802 1336 2807 —-
1383 2784 1476 2820 244.
1525 2782 1598 2820 Hic
1639 2795 1792 2832 quoque
