2009 3218
345 242 398 280 70
959 208 962 211 ¹
1025 236 1142 270 Plauti
1430 235 1490 277 1v,
1515 237 1545 278 9,
1576 233 1704 274 13—v,
1733 236 1759 276 1,
1789 235 1825 267 11

979 361 1196 403 Saturio

1027 431 1191 474 Surdus
1222 446 1328 474 sum.
1392 432 1587 474 Ambula.

347 504 537 558 Sequere
567 504 663 555 hac,
695 504 890 555 sceleste,
921 504 1026 545 feles
1058 504 1306 556 uirginaria.

347 576 533 630 Sequere
564 576 658 627 hac,
691 590 786 617 mea
816 581 958 629 gnata,
990 590 1055 617 me
1088 590 1224 630 usque
1256 575 1311 616 ad
1342 579 1602 629 praetorem.

1013 669 1170 722 Uiryo

1652 724 1828 778 Sequor.

481 1059 670 1101 TOXIL
680 1058 720 1102 U
720 1059 754 1101 S
809 1059 882 1101 SA
893 1057 1183 1101 GARISTIO
1241 1057 1700 1100 LEMNISELENA

981 1172 1199 1214 Toxilus

345 1245 556 1287 Hostibus
580 1245 720 1295 uictis,
754 1244 924 1286 ciuibus
949 1244 1095 1294 saluis,
1128 1258 1174 1286 re
1198 1244 1386 1298 placida,
1411 1244 1588 1297 pacibus
1613 1243 1830 1298 perfectis,

345 1317 466 1359 Bello
500 1318 731 1367 exstincto,
776 1331 821 1358 re
853 1317 961 1358 bene
994 1321 1137 1369 gesta,
1178 1316 1347 1369 integro
1390 1317 1582 1358 exercitu
1624 1322 1667 1358 et
1707 1331 1830 1371 prae-

1293 1388 1426 1438 sidiis,
1765 1400 1829 1434 751

348 1461 484 1511 Quom
515 1461 623 1503 bene
655 1475 753 1512 nos,
786 1461 1000 1516 Iuppiter,
1042 1461 1214 1510 iuuisti‚
1254 1460 1384 1513 dique
1417 1461 1491 1502 alii
1524 1475 1670 1503 omnes
1702 1461 1830 1503 caeli-

1292 1536 1506 1586 potentes,

346 1605 431 1647 Eas
462 1605 589 1647 uobis
620 1604 758 1647 habeo
791 1610 935 1658 grates
967 1609 1101 1658 atque
1132 1618 1233 1657 ago,
1275 1605 1377 1657 quia
1414 1604 1547 1658 probe
1587 1620 1680 1647 sum
1717 1606 1832 1648 ultus

1295 1691 1435 1718 meum
1468 1678 1699 1719 inimicum.

347 1748 470 1790 Nunc
512 1748 566 1790 ob
607 1762 702 1790 eam
740 1763 829 1790 rem
868 1750 981 1790 inter
1027 1749 1261 1802 participes
1309 1749 1501 1791 diuidam
1541 1750 1747 1803 praedam
1790 1755 1833 1792 et

1294 1821 1578 1875 participabo.

459 1892 523 1934 Ite
554 1890 691 1944 foras3
723 1892 789 1933 hic
819 1892 917 1933 uolo
950 1897 1051 1934 ante
1084 1893 1238 1934 ostium
1270 1899 1313 1934 et
1343 1895 1515 1935 ianuam
1766 1906 1833 1939 755

460 1963 579 2005 Meos
612 1965 844 2018 participes
875 1964 983 2006 bene
1015 1967 1223 2018 accipere.

461 2036 645 2078 Statuite
677 2035 747 2077 hic
777 2035 978 2088 lectulos;
1011 2037 1154 2090 ponite
1186 2037 1268 2082 hic.
1302 2051 1413 2091 quae
1445 2037 1654 2078 adsolent.

459 2107 540 2150 Hic
573 2109 706 2150 statui
738 2109 838 2150 uolo
871 2110 1055 2161 primum
1088 2109 1249 2162 aliquid
1283 2109 1397 2160 mihi,

349 2180 469 2222 Unde
487 2193 564 2233 ego
582 2181 718 2222 omnis
736 2181 910 2229 hilaros,
937 2181 1139 2230 ludentis.
1165 2181 1442 2224 laetificantis
1467 2183 1621 2224 faciam
1647 2187 1695 2224 ut
1712 2181 1831 2232 fiant,

348 2253 538 2302 Quorum
566 2265 698 2306 opera
723 2253 825 2293 mihi
851 2253 998 2294 facilia
1023 2254 1137 2294 factu
1162 2254 1281 2295 facta
1305 2253 1410 2296 haec
1435 2259 1545 2305 sunt,
1577 2267 1689 2308 quae
1713 2254 1832 2296 uolui

1295 2325 1456 2377 ecfieri3
1766 2337 1834 2371 '760

347 2395 456 2437 Nam
486 2395 710 2449 improbus
742 2401 806 2438 est
844 2396 990 2447 homo,
1031 2398 1104 2451 qui
1144 2397 1400 2440 beneficium
1440 2398 1521 2440 scit
1560 2399 1757 2452 accipere
1788 2403 1832 2440 et

1292 2470 1473 2512 reddere
1506 2471 1654 2512 nescit.

459 2606 526 2639 748
552 2603 714 2648 Sequera
740 2605 768 2638 (J
887 2605 1041 2640 scelesta
1157 2607 1223 2640 749
1249 2607 1336 2639 nata
1364 2604 1392 2640 O
1503 2607 1570 2640 750
1593 2606 1773 2650 placidina
1797 2605 1833 2641 B

348 2663 413 2696 752
440 2661 572 2696 Uiuisti
602 2661 631 2696 C
743 2661 861 2695 omnis
886 2661 921 2694 B
1041 2664 1106 2697 753
1132 2666 1256 2706 grates
1280 2662 1398 2697 habeo
1424 2662 1459 2697 B
1579 2664 1646 2697 755
1671 2663 1832 2697 hostium

347 2754 414 2787 '758
438 2725 546 2794 alibin
573 2751 617 2795 B,
644 2751 767 2796 aquila
791 2752 880 2785 mihi
909 2752 937 2788 C
1145 2754 1212 2787 760
1236 2752 1327 2788 haec
1352 2753 1441 2787 mihi
1466 2752 1587 2788 facilia
1612 2753 1711 2788 factu
1736 2753 1833 2788 facta

347 2811 410 2845 761
439 2809 486 2843 eit
511 2820 653 2844 sumere
679 2812 717 2844 et
743 2808 772 2845 C
