2009 3218
322 196 404 235 346
1000 196 1122 231 Plauti
1564 197 1594 239 1,
1618 197 1648 240 2,
1675 198 1807 250 29-36

902 321 1231 363 Diniarchus

321 392 400 433 Dic
431 405 516 444 quo
548 392 632 433 iter
662 392 886 445 inceptas?
919 393 1015 447 quis
1048 398 1127 443 est,
1160 407 1287 447 quem
1319 394 1532 435 arcessis?

906 494 1224 547 Astaphium

1545 551 1806 594 Archilinem

320 605 602 649 Tonstricem.

900 695 1226 735 Diniarchus

531 764 648 806 Mala
678 769 726 807 tu
758 765 919 807 femina
951 779 1016 817 es;
1049 765 1140 807 oles
1172 779 1267 807 eam
1299 766 1412 807 unde
1445 780 1490 808 es
1523 766 1806 820 disciplinam.

323 835 553 878 Manifesto
585 836 795 888 mendaci,
827 837 954 888 mala,
986 842 1028 878 te
1058 842 1197 879 teneo.

906 939 1221 992 Astaphium

1248 1010 1361 1061 Quid
1393 1012 1489 1062 iam,
1521 1011 1707 1054 amabo?
1744 1025 1808 1058 130

896 1105 1228 1147 Diniarchus

320 1175 429 1226 Quia
458 1180 501 1218 te
533 1176 820 1218 adducturam
853 1177 936 1219 huc
967 1177 1138 1219 dixeras
1169 1191 1356 1231 eumpse,
1388 1191 1472 1219 non
1504 1192 1696 1233 eampse;

319 1247 443 1289 Nunc
474 1248 627 1290 mulier
656 1247 773 1290 facta
805 1253 870 1290 est
893 1250 979 1290 iam
1005 1263 1055 1291 ex
1079 1251 1194 1301 uiro3
1236 1250 1351 1291 mala
1376 1264 1420 1291 es
1445 1250 1804 1304 praestrigiatrix.

321 1318 405 1361 Sed
436 1319 611 1361 tandem
645 1320 857 1374 eloquere,
891 1322 986 1375 quis
1018 1322 1054 1363 is
1085 1321 1214 1364 homo
1247 1326 1322 1373 est,
1355 1321 1632 1376 Astaphium,
1670 1337 1806 1366 nouos

1270 1394 1467 1436 amator?

905 1488 1224 1542 Astaphium

320 1559 456 1601 Nimis
489 1560 674 1602 otiosum
706 1564 748 1600 te
780 1559 970 1602 arbitror
1000 1559 1216 1602 hominem
1248 1574 1351 1602 esse.

896 1662 1223 1704 Diniarchus

1420 1733 1501 1784 Qui
1533 1734 1778 1776 arbitrare?
1839 1730 1843 1734 ’

904 1814 1223 1867 Astaphium

318 1886 427 1937 Quia
458 1890 534 1928 tuo
565 1887 826 1928 uestimento
859 1889 901 1928 et
932 1886 1028 1928 cibo
1061 1886 1213 1928 alienis
1244 1886 1373 1928 rebus
1405 1899 1544 1928 curas.
1744 1897 1806 1931 135

897 1988 1224 2030 Diniarchus

319 2059 406 2102 Uos
437 2060 542 2101 mihi
574 2060 756 2103 dedistis
788 2061 936 2102 otium.

902 2162 1222 2216 Astaphium

989 2235 1083 2286 Qui,
1115 2234 1302 2277 amabo?

435 2371 498 2404 128
523 2370 612 2403 Istic
637 2369 707 2404 BG
796 2370 898 2413 quies
923 2368 993 2404 BG
1079 2370 1237 2404 accersis
1263 2370 1297 2403 A
1387 2369 1575 2404 archinam
1599 2368 1665 2404 BG
1746 2369 1808 2403 129

319 2427 553 2461 Meretricem
568 2427 613 2468 A,
641 2426 885 2461 Obstetricem
905 2426 974 2462 BC·
1037 2430 1076 2460 tu
1103 2437 1168 2461 om.
1182 2426 1248 2461 BC
1316 2426 1412 2460 soles
1427 2425 1493 2460 BG
1561 2437 1641 2459 cam
1666 2435 1730 2461 om,
1744 2424 1812 2460 ΒΟ

435 2484 536 2517 unies
562 2482 634 2525 BC,
661 2484 758 2517 unde
784 2488 823 2516 tu
849 2495 887 2517 es
913 2484 943 2516 A
1082 2483 1143 2516 130
1168 2482 1364 2516 Manifesta
1389 2481 1454 2516 BC
1569 2482 1744 2516 mendatii
1770 2482 1806 2525 Β,

318 2540 511 2574 mendacia
527 2540 555 2574 G
623 2547 729 2573 teneo
758 2540 839 2573 th
914 2541 972 2573 131
1003 2539 1080 2582 Qua
1107 2547 1141 2573 tc
1168 2540 1425 2573 adducituram
1448 2538 1514 2572 BG
1582 2551 1661 2573 eum
1689 2538 1807 2582 ipsum

409 2608 481 2630 non
510 2598 667 2638 campsa'
706 2597 748 2638 A,
778 2597 911 2629 inonea
936 2607 1007 2629 asae
1034 2594 1078 2639 B,
1104 2597 1236 2629 innuen
1263 2608 1322 2629 ase
1349 2595 1377 2630 Ο
1469 2596 1531 2628 132
1557 2596 1628 2628 iam
1654 2605 1719 2630 om.
1743 2593 1812 2629 BG

409 2657 464 2687 est
490 2653 727 2696 prestigiator
753 2651 821 2686 BG
933 2654 994 2686 133
1021 2653 1171 2696 loquere
1197 2652 1264 2686 BG
1369 2651 1633 2694 astaphiunous
1659 2650 1703 2693 Β,
1731 2657 1808 2684 asta

318 2710 381 2754 phi
411 2709 508 2744 Unus
537 2710 565 2743 C
672 2711 732 2742 134
759 2708 886 2743 Nistus
911 2709 947 2742 B
1051 2715 1084 2743 to.
1111 2720 1175 2744 om.
1202 2708 1266 2742 Bc·
1379 2709 1439 2751 qui
1469 2719 1550 2741 uam
1577 2707 1645 2741 BG
1746 2708 1808 2741 136

320 2767 477 2801 otiosum
505 2765 571 2801 BC
639 2764 723 2808 quid
750 2765 820 2798 iam
848 2764 913 2799 BC
