2009 3218
175 198 217 243 V,
242 200 275 243 8,
300 200 435 235 22—32
858 197 1015 234 audeus.
1592 199 1671 239 183

779 323 1074 367 Daemones

175 396 271 448 Qua
302 411 380 451 pro
415 410 461 439 re
494 404 722 450 argentum
754 395 953 451 promisit
985 394 1053 437 hic
1083 395 1193 437 tibi?

823 486 1021 538 Gripus

1276 557 1320 600 Si
1352 558 1550 600 nidulum
1584 568 1672 604 1365

179 631 300 673 Hunc
330 631 596 685 redegissem
627 632 671 673 in
703 634 967 686 potestatem
1000 630 1106 682 eius,
1138 630 1330 673 iuratust
1362 630 1465 673 dare

175 702 279 745 Mihi
311 703 524 745 talentum
559 715 759 756 magnum
792 702 975 756 argent-i.

816 792 1026 835 Labrax

899 863 1014 907 Cedo
1047 865 1219 920 quicum
1251 864 1438 907 habeam
1470 864 1670 909 iudicem,

175 936 230 978 Ni
262 937 362 979 dolo
396 937 507 979 malo
538 937 821 992 instipulatus
854 937 914 978 sis
945 937 1047 979 niue
1079 937 1210 979 etiam
1241 936 1354 979 haud
1386 937 1488 978 dum
1522 938 1629 978 siem

175 1007 377 1064 Quinque
411 1015 454 1052 et
484 1009 640 1063 uiginti
672 1022 809 1051 annos
841 1013 981 1051 natus.

822 1099 1024 1152 Gripus

963 1171 1086 1214 Habe
1119 1185 1216 1213 cum
1249 1172 1342 1214 hoc.

815 1261 1032 1305 Labrax

1321 1334 1417 1377 Alio
1450 1339 1517 1376 est
1548 1347 1670 1388 opus.

779 1415 1070 1458 Daemones

175 1486 267 1529 Iam
285 1487 340 1530 ab
356 1489 440 1530 isto
457 1488 566 1529 istzw
583 1487 753 1529 auferre
779 1488 932 1537 ausim,
957 1489 989 1528 si
1015 1487 1162 1529 istunc
1187 1487 1550 1528 condemnauero.
1587 1496 1674 1530 1370

174 1558 474 1602 Promisistine
505 1558 606 1601 huic
638 1559 897 1612 argentum?

817 1661 854 1703 L
866 1674 888 1702 α
901 1660 922 1702 b
934 1675 954 1702 r
964 1675 986 1703 α
996 1674 1026 1702 oe

955 1733 1126 1775 Fateor.

779 1835 1072 1879 Daemones

1191 1906 1317 1957 Quod
1350 1921 1478 1951 seruo
1510 1921 1599 1950 meo

174 1979 432 2031 Promisisti‚
465 1994 607 2022 meum
638 1993 733 2022 osse
766 1986 952 2035 oportet,
982 1994 1036 2022 ne
1066 1985 1128 2028 tu,
1158 1980 1273 2032 leno,
1307 1979 1501 2035 postules

174 2051 233 2094 Te
264 2052 335 2094 hic
366 2052 451 2095 fide
481 2052 657 2094 lenonia
686 2052 772 2104 uti;
803 2066 889 2094 non
923 2058 1060 2106 potes.

823 2154 1024 2206 Gripus

1122 2227 1214 2268 Iam
1245 2230 1289 2269 te
1320 2226 1458 2269 ratu's

174 2299 391 2342 Nanctum
422 2299 638 2341 hominem
671 2313 798 2353 quem
824 2298 1134 2341 defraudares?
1179 2298 1380 2340 Dandum
1406 2299 1492 2341 huc
1518 2312 1672 2353 argen-

187 2377 190 2379 ’
1129 2374 1264 2412 tumst
1295 2370 1493 2424 probum.

177 2442 228 2484 Id
244 2456 322 2497 ego
339 2443 542 2485 continuo
559 2442 661 2485 huic
677 2443 791 2484 dabo
809 2441 931 2492 adeo,
956 2455 1024 2484 me
1046 2446 1098 2484 ut
1119 2442 1190 2484 hic
1211 2443 1384 2485 emittat
1407 2457 1548 2485 manu.
1585 2454 1672 2488 1375

293 2613 380 2647 1366
402 2613 542 2647 iuratus
672 2613 759 2646 1368
782 2611 881 2646 haud
906 2621 972 2646 om.
1100 2613 1186 2647 1369
1210 2616 1321 2648 natus
1346 2623 1464 2647 annos
1583 2613 1674 2648 1370

140 2673 145 2678 “
177 2669 272 2703 istuc
283 2679 350 2705 om.
423 2673 487 2704 aut
511 2669 581 2704 sim
654 2668 962 2704 1371Promisisti
1031 2668 1155 2704 inteor
1165 2668 1212 2712 B,
1235 2668 1430 2705 intueorG
1497 2680 1581 2705 meo
1607 2679 1672 2705 om.

92 2740 114 2762 ς
181 2725 268 2760 1872
290 2726 460 2770 promisti
478 2725 508 2760 0
602 2730 737 2771 oporte
757 2724 793 2760 Β
902 2726 987 2760 1373
1010 2724 1120 2761 fidele
1144 2736 1222 2762 non
1246 2726 1339 2761 lauti
1364 2725 1414 2769 Β,
1446 2725 1519 2762 fide
1544 2726 1671 2762 lenoni

107 2775 109 2778 ¹
179 2781 270 2818 lauti
296 2781 326 2818 G
417 2784 504 2818 1374
527 2782 831 2818 Defra'udandum
857 2781 965 2816 dares
990 2781 1153 2818 dandum
