2009 3218
820 218 858 252 v.
884 219 1072 252 432-469.
1609 220 1685 259 441

213 353 355 388 tuetur.
380 367 432 374 -
458 348 552 385 449.
583 343 658 383 snb
682 356 832 384 necatus
864 346 924 384 ed.
949 359 1009 395 pr.
1037 366 1089 371 —
1115 348 1208 384 4710.
1240 347 1369 395 sermo
1399 359 1469 385 em.
1503 345 1688 395 Scaliger.

214 437 260 444 —
299 426 384 454 rem
420 415 585 453 accurat
614 414 659 452 R.
693 428 739 452 ex
778 415 857 451 448
890 415 1100 464 repetitum
1133 415 1350 453 arbitratus
1381 415 1523 452 iniuria
1563 417 1690 451 extre-

212 498 309 524 mam
347 496 481 523 versus
519 487 673 534 partem
718 481 887 520 refinxit.
930 501 978 508 —-
1024 484 1117 520 451.
1169 486 1282 533 „post
1313 479 1531 534 principio“
1576 482 1688 520 codd.

209 565 350 600 errore,
381 550 449 590 sed
479 555 558 589 tam
591 551 767 600 antiquo,
800 555 843 587 ut
873 551 948 587 iam
982 549 1158 588 Donatus
1191 552 1240 589 ad
1271 551 1357 588 Ter.
1385 550 1476 589 Hec.
1504 552 1540 600 3,
1569 553 1603 598 3,
1638 553 1687 589 33

207 621 404 673 putaverit
433 618 614 656 Plautum
648 619 683 657 h.
717 620 740 656 l.
779 616 914 668 „post“
949 631 1034 656 cum
1067 618 1240 658 ablativo
1273 619 1454 657 iunxisse.
1515 618 1690 669 Scaliger

199 684 502 738 possprincipz'a
539 686 785 724 scribendum
825 699 907 724 esse
945 686 1156 734 intellexit,
1205 700 1281 736 quo
1326 686 1518 725 vocabulo
1562 687 1690 725 utitur

206 760 422 806 togatarum
460 757 630 805 scriptor
668 755 772 805 apud
803 753 881 792 Cic.
914 769 951 804 p.
984 754 1082 792 Sest.
1119 757 1181 801 55,
1228 756 1324 792 118:
1377 755 1688 805 „postprincipia

206 829 322 875 atque
351 824 476 861 exitus
509 824 658 861 vitiosae
690 824 802 860 vitae“
840 826 880 860 et
909 823 1034 860 Varro
1067 822 1170 872 apud
1203 821 1303 860 Gell.
1335 822 1438 869 XVI,
1473 823 1509 872 9,
1543 824 1585 861 5:
1632 824 1688 869 „si

206 906 280 931 non
324 892 465 930 similia
510 896 639 928 essent
683 892 876 942 principia
921 894 960 928 et
1003 887 1315 941 postprincipia“
1367 894 1406 926 et
1441 891 1510 938 18,
1551 891 1587 928 6.
1634 911 1688 916 —

206 961 394 999 452-53
428 959 472 997 R.
504 973 576 1010 pro
615 960 759 1009 spuriis
798 959 976 1006 seclusit3
1023 959 1089 996 scd
1129 971 1214 1008 quae
1245 959 1479 996 sententiam
1511 960 1687 1008 proposi-

204 1034 280 1067 tam
311 1029 396 1066 aliis
427 1027 557 1066 verbis
588 1031 774 1077 repetunt
804 1031 842 1064 et
871 1027 1031 1064 uberius
1063 1026 1280 1076 explicant,
1319 1040 1363 1064 ea
1393 1040 1534 1064 nexum
1565 1029 1685 1065 inter-

204 1110 382 1147 rumpere
414 1095 489 1133 dici
521 1109 596 1133 non
629 1100 806 1146 possunt.
841 1114 888 1121 —-
924 1096 1017 1133 456.
1065 1091 1204 1132 IVunc.
1247 1094 1359 1132 Pius:
1398 1093 1576 1143 ‚,lluno“‚
1609 1095 1686 1134 for-

203 1169 304 1203 tasse
335 1169 451 1202 recte.
493 1184 546 1188 —
584 1161 818 1201 intricatum
851 1159 971 1210 dabo,
1005 1165 1028 1201 i.
1063 1176 1096 1200 e.
1130 1163 1218 1200 intr.
1253 1162 1434 1209 reddam,
1477 1163 1684 1210 intricabo,

203 1247 237 1272 v.
277 1233 325 1270 ad
357 1233 438 1269 Mil.
473 1233 565 1270 210.
605 1251 659 1257 —-
698 1233 792 1269 460.
840 1232 884 1270 R.
924 1232 1118 1282 principio
1157 1244 1291 1268 versus
1330 1230 1485 1268 addidit
1519 1229 1681 1279 „cher“

203 1301 337 1338 deletis
367 1300 493 1338 verbis
525 1295 572 1338 ab
604 1310 672 1337 ero
702 1310 801 1348 meo,
832 1302 948 1338 nimis
980 1301 1155 1340 licenter.

312 1369 405 1406 461.
472 1368 566 1406 Exit
603 1368 819 1416 Sagaristio
861 1368 1069 1406 Persarum
1118 1369 1154 1404 in
1195 1367 1351 1404 modum
1389 1372 1553 1405 ornatus
1599 1381 1684 1406 cum

201 1437 327 1488 puella
357 1451 434 1475 non
476 1437 601 1474 miuus
638 1437 848 1487 peregrino
881 1449 985 1473 more
1019 1437 1172 1473 vestita.
1234 1432 1349 1473 Nam
1383 1433 1485 1484 quid
1516 1432 1686 1473 moror?

201 1504 248 1543 cf.
279 1505 395 1543 Most.
430 1506 522 1542 779.
564 1524 617 1530 --
664 1501 783 1553 Eusye
828 1504 993 1542 alterum
1040 1504 1085 1542 R.
1132 1505 1212 1541 sine
1253 1517 1367 1541 causa
1415 1503 1582 1542 delebat.
1629 1524 1684 1529 -

202 1569 384 1620 basilice,
431 1586 465 1610 v.
500 1572 547 1610 ad
579 1571 691 1610 Cure.
727 1574 819 1611 359.
861 1592 914 1598 —
957 1574 1058 1619 462,
1105 1576 1147 1610 ut
1186 1573 1224 1610 in
1255 1571 1367 1610 codd.
1399 1573 1562 1621 legitur,
1609 1585 1686 1610 non

201 1641 403 1680 admodum
444 1640 624 1685 offendit;
674 1641 740 1678 sed
780 1640 1001 1679 Priscianus
1047 1641 1270 1690 antiquiora
1317 1653 1492 1679 servasse
1529 1641 1687 1679 videtur

200 1709 249 1747 Vl
265 1722 301 1759 p.
321 1710 400 1747 679
425 1710 479 1746 sic
503 1709 541 1747 h.
559 1724 594 1747 v.
613 1708 796 1747 afferens:
833 1709 1054 1756 „theatrum
1077 1708 1207 1760 lepida
1232 1709 1467 1747 condecorat
1488 1707 1684 1748 schema“.

199 1777 309 1816 Unde
341 1777 540 1815 Acidalius
572 1782 611 1815 et
641 1778 687 1815 R.
721 1778 957 1815 Palmerium
988 1778 1130 1815 secuti:
1177 1777 1318 1824 „Tiara
1348 1782 1393 1814 ut
1423 1778 1595 1828 lepidam
1628 1779 1683 1816 le-

199 1846 289 1896 pide
333 1846 568 1884 condecorat
607 1843 843 1884 schemam“.
920 1845 996 1884 Sed
1038 1849 1148 1883 tanta
1185 1847 1402 1883 mutatione
1453 1859 1530 1883 non
1571 1859 1682 1898 opus,

199 1914 313 1952 modo
342 1914 389 1952 ut
411 1914 586 1952 'addatur
615 1918 659 1952 ut
688 1915 729 1951 in
759 1914 940 1965 proximo
973 1927 1099 1951 versu.
1160 1910 1330 1962 schema,
1372 1915 1418 1951 de
1453 1926 1528 1962 qua
1558 1915 1683 1953 forma

199 1995 235 2020 v.
267 1983 315 2020 ad
345 1983 484 2034 Amph.
523 1984 618 2029 117,
662 1981 855 2020 ablativus
895 1981 1064 2019 videtur.
1103 2001 1159 2007 —
1204 1983 1297 2020 464.
1345 1982 1400 2020 Cf.
1435 1981 1548 2021 Poen.
1583 1984 1682 2020 580:

203 2049 453 2096 „condoctior
482 2064 565 2088 sum
598 2063 714 2101 quam
745 2049 927 2100 tragoedi
958 2054 1028 2087 aut
1057 2047 1232 2087 comici“.
1259 2069 1312 2074 —
1337 2050 1417 2088 466
1451 2055 1555 2088 recte
1587 2051 1682 2089 scri-

199 2117 303 2156 bitur
333 2118 433 2155 infra
460 2120 552 2165 724,
585 2132 662 2168 quo
689 2119 772 2156 loco
798 2119 914 2156 etiam
938 2119 1141 2168 proximus
1170 2131 1205 2155 v.
1231 2119 1435 2168 repetitur,
1468 2119 1528 2156 vel
1553 2120 1684 2169 potius

200 2186 300 2224 unde
331 2190 492 2236 uterque
524 2186 597 2224 buc
629 2188 773 2224 invecti
803 2190 893 2224 suut
924 2185 1058 2224 addito
1090 2188 1208 2224 tertio
1240 2199 1354 2223 versu
1385 2187 1541 2224 minime
1579 2190 1684 2236 apto,

199 2267 268 2292 nec
292 2255 391 2292 enim
428 2268 546 2305 quum
577 2256 743 2306 primum
777 2255 1046 2303 colloquentes
1077 2253 1228 2292 videbit
1258 2253 1325 2291 sed
1355 2258 1446 2304 post
1476 2255 1684 2304 epistolam

197 2321 334 2360 lectam
362 2327 401 2360 et
431 2323 668 2372 colloquium
694 2335 819 2373 prope
847 2321 1000 2359 finitum
1025 2321 1242 2370 Sagaristio
1274 2322 1459 2372 prodibit.
1521 2323 1685 2361 Accedit

198 2389 302 2440 quod
331 2395 423 2441 post
457 2389 583 2439 „Ubi“
626 2404 704 2429 non
740 2387 827 2438 „id“
863 2390 1070 2427 dicendum
1101 2395 1185 2427 erat
1216 2391 1285 2428 sed
1320 2390 1442 2440 „ibi“,
1484 2396 1536 2438 et,
1577 2391 1683 2441 quod

196 2459 355 2508 gravius
386 2463 465 2509 est,
507 2474 542 2498 v.
571 2459 651 2497 466
687 2456 789 2498 Tace
819 2459 952 2508 inepte
984 2458 1128 2496 dicitur
1158 2459 1213 2505 ei,
1254 2450 1321 2509 qui
1353 2459 1453 2497 nihil
1484 2459 1584 2497 dixit
1613 2472 1684 2497 nec

199 2525 373 2565 dicturus
398 2527 625 2566 videbatur.
678 2527 807 2573 Quare
832 2526 902 2564 hos
926 2530 1008 2564 tres
1032 2539 1166 2564 versus
1189 2539 1263 2577 pro
1287 2528 1430 2577 spuriis
1457 2528 1607 2566 seclusi.
1630 2547 1683 2553 -—

198 2613 249 2619 —
280 2595 372 2633 468.
406 2605 513 2633 nunc
544 2593 652 2645 ayite
682 2592 738 2633 ite
769 2594 874 2633 Cam.

307 2663 400 2701 469.
454 2662 595 2711 scena,
643 2676 730 2713 quae
768 2663 967 2712 sequitur,
1013 2662 1152 2712 incipit
1188 2676 1209 2699 a
1246 2663 1453 2701 trochaicis
1499 2665 1681 2701 numeris.

198 2729 388 2769 469—87
428 2733 660 2782 septenarii,
702 2731 842 2780 quibus
873 2732 1190 2768 intermiscentur
1228 2732 1420 2768 octonarii
1459 2732 1551 2779 473,
1585 2732 1680 2777 477,

198 2797 291 2847 485,
322 2799 402 2836 486
434 2802 472 2837 et
503 2799 689 2837 iambicus
721 2799 962 2847 octonarius,
993 2799 1085 2836 484.
1119 2797 1342 2848 Sequuntur
1366 2800 1564 2848 anapaesti,
1598 2800 1677 2837 488
