2009 3218
683 209 724 242 V.
750 210 962 243 992—1041.
1489 214 1570 251 499

89 356 123 381 v.
154 352 270 389 supra
300 338 348 376 ad
382 338 475 375 376.
509 357 561 362 —
597 338 715 374 1010.
753 333 840 385 Quo
873 339 1132 386 arnume-ento,
1175 340 1220 376 cf.
1255 340 1302 375 ad
1335 340 1442 377 Asin.
1478 341 1571 377 300.

89 428 143 434 —
174 408 292 445 1012.
334 401 438 443 Nisi
468 400 584 454 quia,
627 418 663 441 v.
697 405 745 442 ad
776 404 866 442 Aul.
902 407 993 443 317.
1034 426 1089 432 —
1133 408 1252 445 1013.
1301 404 1455 454 Mamm
1492 405 1574 445 iam

88 479 188 515 recte
227 474 472 523 interpunxit
512 473 667 510 Lachm.
702 472 817 510 Lucr.
849 486 887 522 p.
922 474 1024 519 211;
1071 475 1136 511 sed
1179 475 1283 523 quod
1328 474 1569 525 ‚‚reperiam“

87 543 251 594 scripsit,
283 544 428 579 rectius
458 540 518 578 Fl.
555 538 686 587 „rem“
723 542 867 578 omisit.
900 560 954 565 —
1000 543 1119 578 1016.
1167 540 1416 590 mussitabo,
1457 557 1492 593 v.
1527 543 1575 580 ad

89 611 174 651 Aul.
210 611 298 648 131.
330 629 386 636 -—
428 610 546 647 1017.
588 606 735 655 audes,
775 622 811 645 v.
845 608 893 645 ad
927 610 1019 646 859.
1054 628 1107 634 —
1151 611 1269 648 1019.
1314 606 1573 659 Te..auser,

90 680 135 718 cf.
158 680 266 716 Asin.
292 679 393 716 466:
431 678 566 724 „aufer
595 681 634 715 te
666 675 863 714 domum“.
910 677 998 714 Ter.
1024 677 1182 714 Phorm.
1211 679 1302 715 559.
1350 679 1576 727 Ve1·g.AEn.

87 748 151 796 IV,
184 747 276 785 389.
310 765 359 772 --
398 747 517 784 1021.
549 740 621 784 ubi
651 742 728 791 Mc,
761 746 807 782 cf.
842 745 890 782 ad
923 745 1005 782 Mil.
1036 746 1072 782 9.
1103 765 1150 770 —
1192 748 1310 784 1022.
1343 744 1438 795 fieri
1469 747 1574 784 Cam.

89 819 130 855 et
156 815 205 862 B,
250 815 325 853 nisi
355 814 486 851 fallor.
524 833 580 838 —
630 815 734 852 1025
774 813 888 850 affert
918 813 1068 850 Nonius
1109 827 1149 863 p.
1185 815 1264 851 218
1301 812 1574 865 „praesepias“

89 884 277 929 scribens,
321 883 366 920 cf.
401 882 512 920 Cure.
548 883 641 920 228.
674 882 760 920 Cas.
797 884 860 919 57.
893 901 947 906 —-
985 883 1105 920 1027.
1138 878 1276 920 tetulit
1306 882 1424 929 Reiz.,
1456 884 1503 920 cf.
1530 883 1576 919 ad

89 951 226 1002 Amph.
263 952 324 989 17.
391 950 577 996 „tulerit“
611 951 761 988 Becker
791 951 831 987 in
863 949 1038 987 Studem.
1064 950 1175 988 Stud.
1208 951 1224 987 I
1256 963 1293 1000 p.
1329 952 1407 988 217
1441 965 1498 1001 sq.
1525 972 1580 976 -—

11 1038 15 1042 ·
93 1021 208 1059 1028.
241 1016 345 1057 istuc
374 1021 440 1056 vix
470 1018 672 1055 ferendum
707 1022 786 1066 est3
824 1018 931 1055 Brix.
965 1019 1065 1055 Ann.
1098 1019 1194 1068 phil.
1230 1018 1393 1056 CXXXI
1423 1033 1462 1069 p.
1498 1021 1575 1057 203

92 1086 281 1135 „iustum“
318 1088 416 1124 coni.
450 1107 505 1111 -—
547 1087 666 1125 1029.
711 1084 839 1125 szc
866 1083 1022 1135 placeS‚
1064 1087 1110 1124 cf.
1144 1087 1302 1125 Trucul.
1338 1089 1431 1125 270.
1464 1087 1577 1137 Capt.

91 1157 180 1195 864.
218 1175 274 1181 —
317 1156 435 1193 1030.
484 1151 662 1203 adpellis
701 1155 809 1201 edd.,
856 1156 881 1192 i.
914 1168 945 1192 e.
981 1155 1117 1205 adigis.
1161 1175 1210 1181 —
1263 1157 1382 1193 1031.
1429 1155 1579 1194 Omisso

95 1221 233 1272 „etsi“‚
266 1224 369 1274 quod
401 1237 448 1261 ex
474 1224 580 1261 facili
604 1223 814 1261 scribentis
837 1236 970 1262 errore
995 1227 1124 1262 ortum
1150 1227 1220 1272 est,
1252 1224 1378 1262 locum
1404 1226 1576 1262 restitui.

89 1292 230 1341 Vulgo:
283 1292 394 1336 „Etsi
425 1293 614 1341 ignotust.
647 1289 820 1329 notust“.

203 1361 322 1398 1032.
368 1360 573 1398 Daemones
604 1361 684 1397 exit
715 1374 801 1398 cum
831 1360 1080 1408 mulieribus,
1115 1373 1234 1410 quas,
1266 1374 1313 1398 ne
1343 1361 1448 1398 intra
1479 1360 1580 1398 aedes

89 1430 219 1468 uxoris
248 1429 510 1478 suspicionem
547 1433 747 1476 moveant,
794 1430 834 1467 in
873 1442 940 1467 ara
977 1429 1137 1478 publica
1167 1428 1342 1466 assidere
1372 1428 1494 1466 iubet.
1526 1449 1581 1454 —

88 1494 180 1536 uolo
210 1497 297 1534 add.
332 1497 500 1545 Pareus3
538 1496 701 1547 .,cupio“
737 1497 885 1535 Camer.
917 1518 958 1523 —
1009 1499 1129 1535 1033.
1162 1497 1220 1534 Ne
1250 1501 1340 1547 post
1370 1506 1422 1534 ne
1451 1497 1582 1535 hiatus

39 1591 46 1595 ·
92 1567 160 1613 sit,
198 1565 256 1604 Fl.
287 1568 461 1615 transp.:
513 1579 621 1609 „mea
661 1578 759 1603 uxor
799 1564 888 1614 ne“,
927 1566 1005 1604 alia
1035 1566 1172 1604 Muell.
1205 1578 1243 1615 p.
1277 1566 1370 1603 747.
1430 1566 1582 1603 Acidal.

97 1631 229 1682 „med“
271 1636 441 1683 scripsit,
474 1634 598 1672 Koch.
642 1633 831 1681 „uoxor“,
870 1648 906 1672 v.
947 1635 998 1672 ad
1026 1634 1169 1683 Amph.
1206 1635 1326 1671 1102.
1366 1653 1420 1659 —
1463 1635 1582 1673 1034.

94 1699 255 1741 adduxe
277 1701 458 1739 (311111.-
488 1704 607 1740 1035.
630 1699 842 1751 periimus
868 1703 973 1741 Cam.
995 1722 1043 1728 —
1077 1704 1196 1741 1036.
1229 1699 1333 1753 quid
1360 1712 1448 1748 uos,
1480 1703 1583 1740 lora-

95 1772 171 1808 rios
195 1771 423 1820 alloquitur.
483 1767 571 1808 His
588 1773 690 1808 enim
707 1784 825 1821 quum
843 1772 927 1822 ipse
945 1772 1049 1809 adsit
1068 1767 1295 1821 (quoniam,
1323 1772 1370 1810 cf.
1391 1769 1474 1819 67),
1507 1773 1584 1809 iam

95 1852 170 1877 11011
198 1852 292 1877 usus
325 1842 395 1877 est.
465 1835 538 1877 Ex
558 1835 781 1887 praesidio
812 1839 951 1877 deduci
981 1844 1167 1890 possunt,
1200 1841 1239 1876 in
1272 1853 1349 1890 quo
1380 1853 1445 1878 eos
1469 1844 1586 1878 antea

96 1908 351 1946 constituerat
391 1902 446 1956 (v.
489 1906 586 1957 797)
617 1903 858 1956 praesides,
903 1909 929 1946 i.
963 1922 994 1944 e.
1035 1908 1234 1955 custodes,
1282 1909 1330 1947 cf.
1370 1909 1454 1947 Cas.
1490 1910 1583 1946 806.

95 1975 211 2014 Most.
248 1977 366 2014 1077.
392 1995 447 2001 —
483 1976 601 2014 1040.
634 1975 689 2014 Ut
720 1977 968 2025 septenarius
998 1974 1289 2027 pronuntietur,
1322 1980 1362 2014 et
1390 1978 1431 2014 in
1452 1974 1588 2025 pudet

97 2047 135 2081 et
174 2044 214 2082 in
257 2040 352 2082 hinc
390 2045 535 2094 positio
574 2045 811 2094 negligenda
850 2048 922 2082 est.
992 2041 1123 2083 Haud
1149 2043 1292 2093 pudet.
1356 2045 1426 2083 His
1467 2059 1586 2095 quum

97 2111 305 2150 Lambinus
335 2113 609 2162 interrogandi
639 2114 793 2161 signum
825 2113 1086 2163 apposuisset,
1119 2113 1270 2151 Acidal.
1295 2128 1333 2164 p.
1362 2115 1462 2151 446:
1501 2114 1587 2160 „In-

95 2182 317 2231 terrogante
361 2181 621 2219 Trachalione
667 2181 913 2229 Daemonem,
966 2185 1119 2219 essetne
1173 2183 1206 2219 is
1260 2183 1385 2232 ipsius
1439 2195 1587 2229 servus,

99 2247 238 2299 Gripus
282 2263 356 2300 pro
394 2241 489 2287 hero
528 2254 696 2300 occupat
734 2249 995 2300 respondere:
1042 2250 1159 2287 Haud
1189 2250 1333 2300 pudet,
1373 2251 1399 2287 i.
1432 2263 1464 2288 e.
1504 2263 1588 2287 sum

99 2329 188 2355 vero
217 2317 335 2366 illius,
369 2331 495 2367 neque
519 2319 596 2355 mei
620 2319 744 2369 pudet
767 2331 866 2364 eum,
899 2321 943 2355 ut
968 2320 1053 2355 esse
1078 2331 1191 2356 suum
1213 2316 1372 2368 neget“.
1419 2318 1589 2356 Schmie·

101 2383 212 2423 derus
251 2390 404 2424 autem:
458 2399 562 2433 „non
600 2387 724 2436 pudet
762 2399 820 2423 me
863 2386 937 2424 hoc
967 2386 1041 2423 tibi
1072 2385 1354 2436 persuasisse“.
1416 2386 1590 2433 Quorum

99 2457 275 2492 neutrum
306 2455 401 2492 ferri
432 2458 576 2505 potest.
651 2455 773 2491 Immo
806 2453 951 2504 Gripus
985 2468 1061 2492 non
1087 2450 1334 2493 Trachali'oni
1363 2455 1590 2505 respondet,

101 2522 167 2560 sed
196 2522 352 2561 domino
395 2519 507 2571 Quid
535 2518 612 2571 fit?
648 2524 673 2559 i.
707 2536 738 2560 e.
772 2522 867 2571 quid
907 2521 1017 2571 agis?
1059 2518 1112 2570 (v.
1146 2524 1194 2561 ad
1224 2523 1364 2561 Bacch.
1399 2520 1496 2572 624)
1536 2525 1592 2560 in-

100 2591 326 2640 tei-roganti.
396 2591 514 2629 Haud
544 2590 677 2642 pudet,
710 2591 851 2639 inquit,
894 2591 918 2628 i.
948 2603 979 2627 e.
1012 2604 1090 2629 non
1121 2593 1287 2642 paenitet
1317 2605 1377 2629 me
1408 2592 1590 2638 fortunae,

102 2658 273 2696 modeste
303 2672 366 2697 res
397 2672 487 2697 suas
517 2659 683 2696 laudans
722 2663 766 2695 ut
803 2658 919 2695 hodie
952 2657 1064 2696 Itali:
1115 2659 1258 2707 „Come
1290 2658 1380 2697 sta?
1411 2679 1466 2684 —-
1505 2660 1594 2697 Non

103 2719 158 2764 α’ὲ,
186 2724 326 2765 male“.
369 2747 418 2752 —
465 2728 584 2765 1041.
632 2724 796 2777 quando
837 2726 952 2764 taust
988 2727 1106 2775 vulgo
1144 2741 1232 2765 cum
1271 2718 1626 2765 antecedentibus

103 2792 286 2845 iungunt,
333 2796 445 2845 quasi
496 2793 652 2844 „quod“
702 2796 891 2844 scriptum
929 2797 1045 2832 esset.
1126 2795 1212 2845 Ego
1255 2799 1346 2832 ante
1392 2795 1464 2832 hoc
1509 2808 1594 2832 voc.

1256 2869 1320 2904 32*
