2009 3218
121 276 168 318 ΙΙ,
194 278 226 318 2,
250 276 338 310 2-9
809 270 927 305 Persa.
1558 273 1606 312 19

759 395 974 437 'l'ooeilus

815 468 892 508 Ain
924 480 1040 515 uer0,
1074 466 1327 508 uerbereum
1361 467 1517 521 caput?
1547 479 1610 511 185

730 554 794 595 Pa
805 569 858 606 ef]
871 569 894 594 n
906 555 922 593 φ’
933 567 1010 594 um

125 615 202 656 Aio
234 615 465 655 enimuero.

760 683 977 724 Toxilus

466 756 576 806 Quid
607 769 707 810 ergo
739 755 858 797 dixi?

736 843 799 883 Pa
811 856 864 895 egl
876 857 900 882 η
912 844 926 883 z·
935 856 963 883 u
974 856 1014 882 m

882 915 970 968 Ego
1003 918 1120 956 recte
1151 915 1267 968 apud
1299 914 1418 957 illam
1451 915 1611 958 dixero.

766 1003 862 1043 T‹›.r
874 1003 943 1042 Νη
957 1016 978 1038 ,ς

130 1076 220 1118 Non
255 1075 407 1130 edepol
439 1076 535 1118 scis.

728 1146 798 1188 Pa
812 1161 866 1198 εἰ]
878 1162 901 1186 η
918 1147 931 1185 i
944 1162 966 1186 u
978 1161 1018 1186 m

503 1219 565 1259 Da
596 1218 738 1261 hercle
771 1219 939 1272 pignus,
974 1219 1016 1259 ni
1047 1219 1190 1260 omnia
1221 1219 1392 1260 memini
1427 1223 1470 1260 et
1503 1220 1614 1270 sci03

135 1292 188 1333 Et
219 1291 405 1346 quidem,
439 1292 472 1332 si
505 1291 587 1332 scis
613 1295 717 1338 tut-e,
751 1295 857 1344 quot
881 1289 1010 1332 hodie
1033 1289 1195 1331 habeas
1220 1290 1378 1344 digitos
1404 1291 1447 1332 in
1476 1305 1615 1333 manu.

766 1378 982 1419 Toxilus

134 1451 251 1505 Egon
285 1451 379 1493 dem
411 1452 566 1505 pignus
597 1450 769 1491 tecum?

740 1537 1019 1589 Pacuuium

817 1609 1046 1660 Audacter,
1079 1610 1114 1651 si
1144 1608 1293 1651 lubido
1327 1613 1395 1651 est
1424 1609 1617 1663 perdere.

771 1697 985 1738 Phi-ilus

138 1772 258 1814 Bona
290 1785 372 1825 pax
404 1772 461 1812 sit
492 1771 646 1825 potius.

736 1842 1023 1894 Ραεμιιέτιυι

583 1914 688 1955 Tum
720 1919 767 1955 tu
800 1914 931 1967 igitur
962 1914 1054 1955 sine
1085 1928 1152 1955 me
1183 1915 1257 1955 ire.

771 2001 989 2043 Toxilus

1103 2072 1160 2114 Et
1190 2071 1318 2114 iubeo
1350 2076 1394 2114 et
1425 2072 1529 2113 sino.
1559 2082 1624 2115 190

139 2147 224 2190 Sed
255 2148 316 2189 ita
346 2146 444 2188 uolo
476 2151 518 2187 te
550 2159 733 2195 currere,
767 2152 813 2188 ut
845 2146 958 2188 domi
990 2146 1060 2197 sis,
1094 2159 1224 2199 quom
1256 2158 1335 2198 ego
1366 2148 1410 2186 te
1443 2156 1537 2185 esse
1561 2142 1624 2184 illi

1083 2230 1296 2259 censeam.

749 2298 1012 2347 Faustinus

139 2356 325 2398 Faciam.

774 2427 999 2468 Toxilus

282 2499 376 2550 Quo
408 2512 508 2553 ergo
540 2500 577 2540 is
609 2499 750 2540 nunc?

748 2586 1028 2639 Pacuuium

582 2660 783 2710 Domum,
815 2659 878 2699 uti
910 2658 1025 2700 domi
1056 2658 1148 2708 sim,
1181 2671 1308 2710 quom
1340 2656 1403 2698 illi
1435 2670 1625 2699 censeas.

260 2797 324 2831 188
348 2794 530 2840 Equidem
555 2794 621 2829 BC
701 2794 798 2839 quod
823 2794 961 2828 habeas
984 2793 1096 2828 hodie
1120 2792 1188 2828 BC
1275 2793 1338 2827 189
1364 2792 1556 2827 Eoondem
1582 2791 1627 2834 B,

145 2853 274 2889 eodem
300 2853 329 2888 C
418 2852 564 2887 lubidos
663 2852 726 2885 190
749 2851 887 2886 iubebo
913 2849 942 2884 C
1035 2852 1094 2885 191
1122 2861 1252 2885 curare
1276 2848 1346 2884 BG
1434 2849 1510 2883 illic
1533 2848 1569 2882 B

1315 2921 1359 2956 2.
