2009 3218
732 228 773 261 v.
800 229 988 263 562—600.
1528 234 1608 272 ’047

125 358 194 404 sit,
238 355 366 393 redire
403 354 571 402 indicat,
618 369 694 393 non
740 370 864 406 pauca
910 360 1001 394 ante
1039 358 1118 395 haec
1159 358 1374 396 desiderari
1413 360 1608 397 videntur.

124 425 248 463 Huius
278 424 425 461 lacunae
449 423 638 461 ambitum
661 423 900 461 Ritschelius
924 438 971 461 ex
995 426 1027 462 A
1052 430 1267 463 monstrare
1293 431 1468 472 conatur,
1502 428 1610 465 cuius

126 505 242 543 quum
279 491 411 529 folium
451 492 615 541 perierit
652 504 713 529 vv.
749 493 827 530 554
861 491 909 529 ad
943 493 1043 539 585,
1090 495 1114 531 i.
1148 507 1180 531 e.
1213 496 1376 544 triginta
1415 498 1452 531 et
1490 509 1609 532 unum

125 572 270 607 versus,
317 558 537 605 continens,
583 560 728 609 pagina
766 563 896 597 autem
942 561 1188 610 palimpses‘ci
1226 563 1306 600 fere
1345 563 1610 612 septendecim

125 640 256 666 versus
285 626 429 664 habere
459 627 597 674 soleat,
629 627 764 665 folium
794 628 963 675 ‘triginta
993 632 1194 678 quattuor,
1233 633 1314 668 tres
1345 644 1478 668 versus
1510 631 1611 668 desi-

125 695 266 734 derari.
326 696 379 732 At
410 694 576 732 duorum
608 708 790 733 versuum
821 697 992 745 spatium
1016 697 1156 734 titulus
1181 711 1303 735 scenae
1327 698 1401 735 sibi
1425 700 1612 747 postulat,

122 768 167 803 ut
208 776 308 801 unus
351 766 507 800 tantum
553 764 800 812 relinquatur
847 763 908 800 vel
954 764 1105 811 nullus,
1156 779 1224 803 nec
1269 767 1349 802 veri
1397 767 1521 803 simile
1562 768 1614 804 sit

124 833 235 883 plura
264 832 305 868 iu
336 832 369 868 A
401 844 515 880 quam
548 832 588 868 in
628 832 768 869 ceteris
805 831 915 869 codd.
955 832 1087 870 fuisse.
1147 833 1268 870 Immo
1311 847 1345 871 v.
1389 836 1463 871 581
1498 848 1609 884 pror-

122 913 186 938 sus
215 898 457 937 abiiciendus
496 902 576 946 est,
611 913 681 937 nec
719 901 850 948 aptius
888 902 1055 950 parasiti
1094 915 1221 939 sermo
1261 902 1434 951 incipere
1474 907 1611 952 potest

125 981 237 1018 quam
269 981 291 1004 a
321 982 355 1005 v.
391 968 484 1005 582.

237 1037 327 1073 583.
375 1031 460 1081 Ita,
507 1035 552 1072 cf.
594 1035 679 1073 Liv.
711 1035 826 1082 XXI,
870 1037 938 1083 38,
980 1038 1004 1074 4
1044 1040 1083 1074 et
1118 1038 1151 1074 1.
1212 1036 1345 1074 Senec.
1378 1038 1511 1077 Benef.
1548 1039 1608 1086 VI,

126 1105 188 1150 37,
224 1105 257 1141 1.
317 1103 451 1141 Lamb.
490 1101 600 1150 ,‚Id“‚
634 1104 679 1141 cf.
708 1104 757 1140 ad
780 1103 920 1141 Pseud.
943 1106 1061 1142 1169.
1093 1124 1148 1130 —-
1178 1101 1284 1143 mihi
1314 1119 1399 1143 cum
1431 1109 1610 1156 proximo

124 1171 325 1218 coalescit3
370 1165 487 1217 fuere
526 1171 759 1220 bisyllabum
801 1175 870 1209 est.
946 1173 1038 1210 Haec
1075 1177 1119 1210 ut
1158 1175 1325 1219 vitaret,
1373 1174 1417 1212 R.
1459 1175 1615 1223 eglomet

124 1239 288 1278 delebat.
335 1260 391 1264 —
437 1240 528 1277 584.
576 1236 713 1289 Atque
753 1236 788 1276 is
833 1240 916 1286 est,
964 1240 1010 1278 cf.
1049 1240 1207 1278 Trucul.
1252 1243 1340 1279 121.
1419 1242 1612 1281 Similiter

122 1307 238 1345 Poen.
261 1308 386 1346 1298:
423 1307 499 1355 „Et
515 1321 560 1344 ea
578 1312 637 1344 est
653 1304 802 1352 certo“,
827 1308 932 1357 quod
955 1309 1101 1346 iniuria
1117 1311 1282 1346 correxi.
1344 1310 1432 1348 Ter.
1451 1311 1524 1348 Ad.
1545 1313 1610 1349 78.

124 1395 171 1402 —
221 1377 313 1414 585.
361 1371 551 1424 Sperate,
598 1389 633 1413 v.
674 1375 722 1412 ad
753 1376 894 1426 Amph.
928 1378 1022 1414 669.
1097 1377 1294 1415 Lomanus
1335 1392 1384 1426 „o
1424 1376 1608 1429 sperate“

121 1444 256 1494 voluit,
288 1444 355 1481 alii
383 1442 615 1493 „exoptat-e“
646 1447 715 1481 aut
736 1442 1036 1494 „exspect-ate“;
1069 1445 1138 1482 sed
1161 1445 1258 1482 nihil
1288 1446 1530 1484 mutandum.
1556 1466 1611 1472 —

40 1518 47 1522 '
125 1513 215 1551 587.
259 1508 404 1551 Credo.
459 1507 586 1549 Salue
615 1512 660 1549 A.
708 1532 758 1538 —
809 1514 902 1551 588.
948 1512 1223 1551 sustentatum
1262 1514 1325 1551 est
1361 1515 1393 1551 A
1433 1518 1476 1552 ut
1515 1516 1610 1554 469.

123 1579 215 1618 Caes.
245 1580 289 1618 B.
323 1579 422 1619 Gall.
454 1581 511 1627 ΙΙ,
554 1583 596 1627 6,
634 1583 667 1618 1.
708 1600 763 1605 -
805 1582 897 1619 589.
943 1577 1198 1619 medimnum
1228 1581 1408 1620 Mueller.
1449 1583 1610 1622 Nachtr.

120 1662 158 1699 p.
193 1649 270 1686 144
303 1652 342 1686 et
371 1648 546 1687 Studem.
580 1668 629 1674 -
665 1649 757 1686 590.
791 1659 846 1697 eo,
881 1662 917 1686 v.
944 1649 992 1686 ad
1016 1649 1156 1687 Pseud.
1185 1651 1278 1688 376.
1316 1670 1366 1675 —
1399 1652 1490 1688 591.
1522 1648 1611 1689 Ad-

118 1726 289 1755 uorsum
319 1716 356 1755 te
385 1711 587 1764 fabulare,
621 1720 759 1754 contra
788 1721 897 1754 tuam
929 1731 1012 1754 rem
1044 1718 1152 1755 dicis.
1193 1737 1249 1742 —
1286 1715 1393 1756 illud
1421 1715 1608 1768 quidem3

121 1784 364 1823 desideratur
398 1785 530 1832 „uolui
561 1782 731 1832 dicere“,
763 1799 799 1823 v.
834 1786 883 1823 ad
907 1785 1049 1837 Amph.
1084 1787 1184 1834 380,
1219 1786 1324 1836 quod
1351 1788 1537 1836 quoniam
1570 1789 1610 1824 in

118 1854 296 1903 proximo
311 1866 428 1891 versu
444 1865 521 1890 non
537 1854 693 1902 legitur,
708 1857 776 1890 aut
793 1854 940 1891 excidit
956 1867 1092 1892 versus
1109 1857 1189 1900 aut,
1208 1855 1312 1904 quod
1328 1855 1460 1904 potius
1479 1855 1608 1902 credo,

120 1919 156 1958 h.
172 1920 198 1957 l.
216 1921 389 1959 auditur.
407 1941 461 1947 —
486 1922 565 1959 592
583 1935 639 1971 sq.
673 1921 873 1972 Reliquias
896 1922 1142 1972 palimpsesti
1168 1935 1244 1959 non
1269 1936 1432 1972 prorsus
1450 1936 1609 1960 consen-

118 1989 261 2026 tienter
303 1989 531 2028 indicarunt
571 1990 750 2027 Loewius
787 1991 899 2027 Anal.
932 1990 988 2027 Pl.
1021 2004 1059 2041 p.
1091 1991 1167 2028 183
1209 1994 1248 2028 et
1279 1990 1414 2028 Goetz.
1454 1992 1493 2028 in
1534 1992 1607 2038 ed.,

121 2057 186 2106 qni
215 2057 297 2094 haec
328 2059 461 2095 eonati
491 2062 601 2096 sunt:
639 2057 715 2106 „Et
747 2059 925 2107 equidem
957 2059 989 2096 si
1019 2062 1165 2108 posset,
1200 2072 1271 2108 ego
1301 2061 1379 2095 iam
1411 2072 1482 2097 uos
1508 2061 1608 2097 inui-

118 2126 258 2163 tassem
299 2126 456 2164 domum
491 2127 553 2163 Ad
592 2138 673 2171 me,
721 2127 787 2163 sed
832 2127 927 2164 mihi
971 2128 1011 2164 in
1056 2127 1143 2164 sinu
1186 2127 1342 2164 tunicae
1391 2126 1489 2164 nihil
1539 2132 1609 2174 est,

120 2195 234 2243 atquc
276 2193 348 2231 hoo
385 2195 493 2232 scitis
529 2192 640 2232 uos“.
702 2194 779 2231 Leo
812 2194 913 2232 Mus.
946 2194 1071 2232 Rhen.
1102 2194 1274 2232 XXXIX
1304 2209 1342 2245 p.
1377 2196 1479 2232 471:
1532 2195 1608 2243 „Et

120 2261 310 2311 equidem,
343 2263 377 2299 si
408 2266 556 2310 essent,
587 2262 754 2312 benigne
785 2275 855 2299 uos
886 2263 1113 2300 inuitassem
1144 2262 1298 2301 domum
1331 2262 1393 2300 Ad
1425 2276 1506 2310 me,
1539 2263 1607 2301 sed

121 2328 213 2366 mihi
250 2331 292 2367 in
328 2330 405 2367 ista
442 2332 618 2368 crumina
654 2330 753 2367 nihil
783 2335 841 2368 est
872 2328 1007 2368 cett.“.
1095 2331 1266 2377 Quorum
1296 2331 1431 2380 priora
1462 2332 1605 2381 recepi,

119 2397 283 2435 alterum
313 2411 466 2436 versum
499 2399 614 2436 aliter
645 2398 966 2436 conformandum
999 2399 1103 2436 duxi.
1138 2418 1186 2423 —
1219 2395 1280 2436 Et
1308 2397 1516 2449 equidem,
1560 2399 1608 2437 cf.

120 2463 212 2503 cist.
247 2467 338 2504 356.
378 2466 427 2503 ad
458 2466 598 2517 Amph.
634 2467 726 2504 757.
758 2485 814 2492 —
853 2468 944 2504 595.
987 2467 1071 2504 tmn
1103 2466 1278 2515 Scaliger
1316 2480 1387 2504 em.
1429 2487 1481 2492 —
1521 2462 1607 2504 obs-

121 2532 300 2580 trusero,
338 2547 375 2571 V.
409 2534 458 2572 ad
499 2533 609 2572 Cure.
644 2535 737 2572 366.
785 2554 838 2559 -
874 2533 1034 2582 potest,
1082 2535 1126 2572 cf.
1160 2535 1209 2572 ad
1239 2535 1380 2585 Amph.
1418 2536 1508 2573 169.
1554 2555 1608 2561 —

123 2601 212 2638 596.
244 2597 425 2640 abierint
453 2603 498 2640 A.
562 2603 646 2640 tum
675 2603 723 2640 ut
752 2602 797 2640 R.
835 2622 890 2628 —
933 2597 1022 2640 Uae
1052 2600 1176 2641 aetati
1207 2603 1310 2650 tuae,
1343 2618 1381 2642 v.
1412 2604 1461 2640 ad
1493 2603 1604 2653 Capt.

122 2669 213 2707 879.
247 2689 295 2694 -
332 2671 424 2707 597.
466 2666 578 2710 Uasa
610 2674 649 2708 et
669 2667 877 2719 perduint
904 2671 951 2708 A.
991 2690 1046 2695 —
1086 2672 1179 2708 598.
1226 2666 1338 2719 Quid
1367 2667 1462 2709 ctis?
1492 2671 1604 2708 Aoid.

122 2755 169 2762 ·-
217 2739 296 2776 600
336 2738 422 2776 edd.
461 2739 566 2776 inter
603 2739 737 2789 plures
776 2752 963 2789 personas
1001 2738 1201 2786 dividunt,
1246 2744 1291 2777 ut
1328 2739 1606 2789 Pamphilippo

77 2807 79 2810 ⁴
121 2803 232 2844 dent:
283 2806 448 2853 „Utrum
479 2810 524 2844 tu
555 2805 739 2844 censes?“
813 2806 969 2844 Rectius
1001 2806 1112 2844 codd.
1145 2809 1276 2859 omnia.
1305 2808 1481 2857 parasito
1514 2819 1604 2843 con-

1270 2882 1335 2916 35*
