2009 3218
801 227 803 229 ·
818 213 860 247 V.
885 213 1029 249 58—95.
1589 217 1612 255 6
1622 219 1637 256 l
1647 217 1669 256 5

184 339 271 377 Aul.
294 335 348 389 5),
381 340 456 377 nisi
484 340 586 378 forte
617 353 688 389 pro
720 340 864 378 tabulis
890 342 979 388 sint,
1011 343 1153 391 quibus
1177 342 1471 392 perscribantur
1496 344 1670 392 pecuniae

183 409 312 446 usuris
351 408 472 455 datae;
517 416 613 445 aera
651 420 722 445 em.
763 407 868 445 Cam.
910 409 1052 454 Addit,
1099 423 1176 460 quo
1215 411 1371 460 planius
1411 411 1671 461 intelligatur,

184 477 334 526 accepti
365 476 523 513 tabulas
554 489 594 513 se
626 476 766 525 dicere,
808 489 883 513 non
914 479 1091 526 expensi3
1138 491 1224 515 nam
1257 492 1303 516 ea
1333 479 1416 517 sola
1446 478 1521 516 huc
1551 479 1674 529 perti-

183 557 289 590 nere,
322 556 409 594 quae
435 544 606 582 debeant
630 544 806 582 homines
834 548 873 582 et
898 557 1062 594 quorum
1087 558 1225 582 usuras
1251 546 1444 596 pendant,
1478 560 1556 584 non
1587 559 1673 596 quae

184 613 259 662 ipsi
291 612 528 650 crediderint
567 615 607 650 et
638 625 723 662 quae
755 612 803 650 ab
835 612 922 650 aliis
957 612 1158 650 reddenda
1189 615 1287 662 sint3
1321 615 1367 652 cf.
1395 615 1488 652 739.
1520 635 1575 640 —
1607 616 1672 652 75.

183 676 361 728 Accepta
393 684 432 718 et
462 691 513 718 ne
543 677 615 730 qui
640 681 855 719 Acidalius.
884 701 938 706 —
963 683 1027 718 76.
1061 680 1226 718 Omnino
1257 683 1314 720 ait
1344 682 1561 720 mirandum
1595 695 1673 720 non

183 761 277 794 esse,
311 749 343 786 si
374 760 539 797 magnus
570 754 788 788 scortorum
822 762 1006 787 numerus
1037 751 1089 787 sit
1119 749 1264 795 Romae.
1295 763 1383 788 nam
1415 754 1451 787 et
1484 750 1673 801 populum

183 827 365 864 magnum
404 830 486 855 esse
522 822 564 855 'et
601 822 744 868 pacata
782 819 922 855 omnia.
997 817 1042 856 ut
1079 830 1151 867 pro
1192 815 1280 865 „id“
1323 817 1534 856 Baehrens.
1609 814 1673 856 ‘m-

181 882 369 924 numeris
400 885 540 936 Bergk.
578 906 621 911 ——
659 887 724 924 79.
773 883 923 933 „Nam.
965 885 1100 925 Utitur
1131 885 1202 923 hac
1232 886 1427 935 particula
1457 889 1535 936 qui,
1568 890 1673 936 post-

184 966 298 1003 quam
331 954 378 991 de
417 956 610 992 communi
643 955 775 1004 aliqua
806 968 848 992 re
881 955 1114 1004 disputavit,
1148 953 1196 991 ad
1228 967 1268 992 se
1300 967 1487 1004 suamque
1520 968 1674 993 causam

182 1023 339 1059 transit.
390 1021 472 1060 Iam
499 1023 733 1062 Diniarchus
764 1027 973 1073 postquam
1005 1023 1052 1060 de
1083 1035 1215 1060 amore
1247 1027 1286 1060 et
1318 1023 1589 1061 meretricibus
1620 1023 1673 1060 lo-

183 1093 294 1128 cutus
335 1094 412 1140 est,
459 1092 508 1129 ad
546 1105 658 1129 suum
698 1105 869 1130 amorem
908 1092 1053 1130 transit
1092 1095 1130 1128 et
1169 1092 1266 1128 latet
1296 1091 1358 1128 hic
1389 1092 1674 1129 sententiarum

182 1171 324 1196 nexus:
368 1159 466 1197 talia
511 1160 558 1197 de
604 1174 737 1198 amore
783 1161 883 1207 dixi,
936 1173 1023 1197 nam
1070 1171 1142 1207 ego
1187 1159 1271 1209 ipse
1317 1163 1501 1209 expertus
1547 1156 1672 1198 sum“.

183 1225 345 1277 Speng.,
385 1228 432 1265 cf.
466 1228 515 1266 ad
545 1228 653 1267 Trin.
691 1230 754 1266 25.
801 1230 902 1266 infra
935 1231 1027 1267 549.
1066 1247 1120 1252 —
1162 1227 1322 1266 Hiatum
1353 1231 1445 1278 post
1474 1223 1575 1266 mihi
1607 1227 1673 1264 de-

182 1295 305 1333 fendit
343 1295 524 1346 Spengel.
564 1296 696 1334 Plaut.
735 1311 772 1347 p.
809 1298 906 1344 208,
954 1298 1001 1334 cf.
1043 1297 1220 1346 Prolegg.
1261 1310 1299 1347 p.
1335 1297 1427 1334 224.
1506 1295 1673 1334 Schoell.

188 1363 366 1407 „hercle“
402 1365 531 1413 addit3
577 1366 735 1403 Muell.:
779 1365 902 1413 „Nam
944 1367 996 1402 mi
1035 1365 1129 1403 haec
1159 1363 1301 1402 nunc“.
1344 1385 1399 1391 -
1446 1366 1510 1403 80.
1557 1374 1676 1402 omne

183 1431 288 1470 Cam.
321 1452 376 1458 —
415 1434 463 1471 81
499 1433 717 1472 Sehoellius
750 1434 983 1472 Lambinum
1015 1437 1053 1470 et
1084 1433 1295 1471 Canterum
1326 1436 1483 1471 secutus
1514 1433 1674 1480 delevit,

182 1501 248 1537 vix
278 1502 375 1539 iure.
446 1501 531 1548 Quo
563 1503 681 1541 modo
713 1504 812 1541 scire
843 1515 1060 1554 possumUS‚
1093 1516 1141 1539 an
1172 1502 1364 1540 eiusmodi
1396 1502 1672 1552 interpretatio

183 1568 313 1607 Plauti
343 1574 519 1620 tempore
551 1571 736 1609 Romanis
767 1572 1055 1622 spectatoribus
1087 1572 1304 1608 necessaria
1333 1568 1481 1608 fuerit?
1515 1589 1569 1594 —
1608 1569 1672 1607 82.

182 1646 387 1676 summum
428 1639 547 1690 atque
584 1637 803 1678 intumum.
865 1640 929 1689 Sp.
970 1639 1123 1677 confert
1158 1640 1247 1677 164.
1309 1638 1393 1676 Mil.
1431 1639 1523 1676 108.
1584 1637 1673 1676 add.

183 1705 271 1744 Ter.
303 1706 402 1745 Eun.
438 1710 540 1746 271:
590 1708 906 1755 .,Parmenonem,
946 1720 1139 1746 summum
1171 1705 1324 1745 suum“.
1385 1706 1459 1744 Ad.
1495 1707 1588 1745 352.
1619 1726 1674 1731 —

184 1775 249 1813 84.
273 1771 377 1823 plus
407 1777 468 1814 ed.
501 1791 560 1826 pr.
594 1797 647 1802 —
680 1778 745 1814 85.
779 1774 930 1815 em'nde
959 1786 1022 1813 me
1052 1772 1185 1814 mouit
1214 1776 1298 1814 loco
1329 1775 1539 1822 Abraham,
1571 1776 1672 1812 Ann.

182 1843 278 1892 phil.
320 1843 457 1895 Suppl.
489 1846 579 1883 XIV
618 1859 655 1896 p.
690 1847 782 1884 237.
857 1844 1036 1895 Spengel.
1077 1845 1307 1894 scripserat:
1361 1857 1444 1892 „me
1484 1844 1572 1881 exin
1611 1856 1674 1880 ex-

185 1910 350 1960 mouit“‚
384 1913 616 1962 Kiessling.:
656 1927 740 1961 „me
773 1916 874 1951 exim
906 1911 1127 1958 demouit“;
1160 1913 1281 1962 Bugg.
1307 1912 1409 1950 Ann.
1440 1912 1537 1961 phil.
1569 1911 1674 1949 CVII

184 1993 222 2030 p.
256 1981 360 2019 403:
396 1983 528 2029 „illum
561 1984 650 2020 exin
682 1995 830 2020 summo
861 1983 998 2020 habuit
1019 1978 1147 2019 loco“.
1176 2001 1224 2006 —
1252 1981 1318 2018 86.
1354 1976 1482 2029 Quem
1505 1975 1675 2018 antehac

186 2045 374 2088 odiosum
403 2051 632 2089 Buecheler.
664 2073 719 2077 —
759 2053 823 2089 88.
864 2047 970 2088 hunc
1001 2049 1090 2088 add.
1124 2049 1302 2087 Mueller.
1343 2068 1391 2074 —-
1436 2049 1501 2087 89.
1544 2043 1673 2097 Pepe-

184 2113 292 2156 risse
332 2119 391 2156 ed.
433 2133 493 2169 pr.
543 2139 591 2145 —
641 2122 705 2158 90.
752 2116 864 2158 Eam
902 2120 961 2156 ed.
1004 2131 1062 2168 pr.
1137 2114 1310 2157 simulat
1339 2117 1567 2166 Acidalius,
1607 2118 1674 2167 qui

186 2187 302 2224 etiam
339 2187 442 2225 hunc
489 2202 642 2226 versum
689 2189 866 2238 proximo
910 2188 1153 2237 postposuit3
1197 2186 1264 2224 sed
1301 2185 1374 2224 hoc
1411 2186 1514 2224 facto
1554 2185 1675 2223 etiam

185 2267 321 2294 versus
349 2257 400 2293 92
425 2258 583 2294 initium
609 2256 840 2297 mutandum
866 2260 936 2303 est,
967 2269 1010 2292 ac
1035 2254 1148 2292 Both.
1179 2254 1321 2305 Speng.
1349 2252 1457 2302 „Eo“
1483 2254 1673 2293 scribunt.

187 2322 353 2362 Schoell.
386 2327 597 2374 utrumque
627 2337 783 2362 versum
814 2326 882 2371 (90
915 2329 953 2360 et
987 2318 1057 2372 92)
1089 2336 1161 2373 pro
1192 2324 1340 2373 spuriis
1371 2323 1496 2361 eiecit.
1521 2341 1575 2347 —
1608 2323 1673 2360 91.

177 2393 475 2442 peryraecetur
505 2395 566 2432 ed.
597 2407 670 2444 pr„
711 2395 757 2431 cf.
792 2392 908 2430 Most.
943 2394 1007 2430 21.
1048 2410 1102 2416 —
1141 2392 1206 2429 92.
1247 2383 1395 2439 opinor
1423 2391 1506 2438 (aut
1536 2386 1674 2440 opino)

177 2469 403 2509 pessumae
434 2461 636 2501 Dombart.
672 2461 811 2499 Philol.
835 2459 1003 2498 XXVIII
1034 2474 1071 2510 p.
1099 2461 1193 2498 732.
1226 2459 1458 2505 Buecheler3
1507 2459 1673 2510 Speng.:

190 2529 273 2577 „Eo
302 2531 368 2567 isti
398 2532 624 2581 suppositus
654 2543 751 2580 puer
782 2543 884 2567 nunc
915 2541 1010 2578 opus
1042 2532 1104 2566 est
1132 2525 1378 2578 pessumae“.
1404 2547 1458 2553 —
1482 2528 1547 2564 93.
1580 2526 1677 2564 Post

188 2607 233 2636 Se
260 2598 413 2647 hiatus;
448 2597 578 2647 „sese“
615 2597 750 2636 Lamb.
784 2601 823 2635 et
853 2598 984 2646 vulgo.
1018 2616 1072 2621 —-
1103 2597 1168 2635 95.
1201 2593 1328 2635 Nam.
1377 2596 1435 2634 Ex
1466 2595 1605 2634 auditu
1636 2599 1677 2634 et

189 2667 373 2715 opinione
403 2667 484 2705 haec
514 2667 628 2713 dicit,
677 2680 764 2704 nam
804 2665 975 2703 nondum
1007 2665 1262 2703 Phronesium
1291 2665 1416 2715 ipsam
1449 2664 1566 2711 vidit,
1612 2666 1675 2701 ut-

188 2739 280 2785 pote
318 2736 386 2786 qui
422 2749 548 2786 nuper
587 2735 797 2773 admodum
836 2734 1052 2773 advenerit.
1126 2730 1318 2773 aduenio.
1364 2733 1430 2783 Sp.
1466 2728 1675 2780 ,‚adueni“‚

189 2804 257 2841 sed
295 2804 342 2842 cf.
382 2805 470 2843 Ter.
511 2804 603 2842 Hec.
645 2804 743 2842 458:
798 2802 996 2849 „Aduenis
1034 2799 1205 2840 modo?“
1251 2802 1340 2859 ¹Ad.
1385 2802 1481 2839 289:
1534 2800 1674 2849 „modo
