2009 3218
342 206 419 244 132
1027 202 1146 237 Plauti
1394 222 1399 226 -
1533 201 1605 247 111,
1630 205 1663 246 4,
1687 203 1822 258 4⁵·.59

337 327 525 380 Namque
556 328 700 380 patria
730 327 830 368 huic
862 327 1025 369 alterae
1057 341 1167 382 quae
1200 328 1268 377 sit,
1301 327 1495 383 profecto
1526 329 1686 382 nescim
1753 341 1822 375 740

337 397 430 439 Nisi
463 399 550 439 scio
581 398 828 452 probiorem
859 399 970 440 hanc
1001 413 1096 440 esse
1128 412 1258 453 quam
1288 403 1344 449 te,
1375 399 1724 454 inpuratissume.

971 493 1009 534 L
1019 507 1043 534 a
1055 492 1077 533 b
1085 507 1108 533 r
1120 507 1142 534 a
1150 506 1181 533 a·

337 564 507 606 Tuaene
535 565 648 606 istae
680 565 811 607 sunt?

937 651 1214 693 Trachalio

896 722 1118 765 Contende
1151 736 1251 776 ergo
1282 727 1416 777 tergo,
1448 727 1546 765 uter
1577 724 1635 766 sit
1664 726 1817 767 uerior.

333 794 387 835 Ni
419 793 724 836 offerumentas
755 794 935 837 habebis
968 795 1101 848 pluris
1132 795 1175 835 in
1208 799 1329 848 tergo
1360 799 1435 836 tuo

335 865 473 915 Quam
503 865 593 907 ulla
622 866 748 907 nauis
772 866 902 920 longa
926 866 1086 916 clauos,
1119 871 1209 907 tum
1235 880 1313 920 ego
1338 879 1411 908 ero
1435 867 1815 910 mendacissumus.

333 937 461 979 Poste
493 938 676 991 aspicito
708 941 752 979 tu
777 953 928 990 meum,
960 937 1134 992 quando
1159 952 1237 991 ego
1261 944 1382 980 tuum
1407 930 1724 992 inspectauero.
1751 952 1818 986 745

332 1009 387 1050 Ni
418 1009 501 1051 erit
530 1013 619 1050 tam
652 1010 879 1061 sincerum,
911 1014 960 1051 ut
991 1010 1135 1063 quiuis
1168 1009 1286 1051 dicat
1316 1009 1612 1064 ampullarius,

334 1080 566 1135 Optumum
599 1095 692 1123 esse
724 1083 844 1136 operi
875 1081 1078 1123 faciundo
1110 1083 1274 1124 corium
1305 1085 1350 1123 et
1380 1083 1744 1133 sincerissumum,

333 1152 445 1202 Quid
477 1157 678 1194 causaest
701 1154 802 1207 quin
828 1154 963 1207 uirgis
987 1158 1030 1195 te
1053 1167 1192 1208 usque
1217 1154 1272 1195 ad
1298 1155 1574 1196 saturitatem
1597 1155 1815 1197 sauciem?

332 1224 443 1274 Quid
475 1225 573 1266 illas
605 1225 805 1278 spectas?
837 1239 944 1280 quas
977 1227 1012 1267 si
1044 1226 1256 1279 attigeris,
1288 1226 1436 1267 oculos
1467 1226 1649 1280 eripiam
1680 1226 1772 1269 tibi.

983 1327 1191 1370 Labraoe

329 1399 385 1439 At
415 1399 531 1451 quin,
564 1400 667 1452 quia
697 1403 836 1451 uotas,
870 1404 1100 1454 utramque
1130 1401 1218 1442 iam
1243 1414 1409 1443 mecum
1433 1401 1647 1443 abducam
1674 1401 1814 1443 simul.

927 1494 1221 1537 Daemones

331 1550 443 1600 Quid
474 1550 638 1592 facies?

966 1638 1175 1681 Labrax

591 1708 830 1751 Uolcanum
862 1710 1096 1764 adducam3
1127 1713 1164 1754 is
1198 1712 1398 1755 Uenerist
1428 1713 1720 1755 aduorsarius.
1745 1725 1809 1759 '751
1837 1738 1841 1743 ·

928 1813 1206 1856 Trachalio

329 1882 422 1932 Quo
454 1884 542 1925 illic
573 1883 635 1925 it‘?

963 1956 1175 2000 Labrax

633 2026 762 2079 Heus,
796 2029 942 2081 ecquis
973 2028 1043 2070 hie
1075 2030 1168 2072 est‘?
1201 2030 1323 2072 heus.

924 2130 1212 2173 Daemones

1332 2203 1376 2246 Si
1407 2206 1606 2257 attigeris
1638 2208 1808 2259 ostium,

323 2273 411 2314 Iam
444 2273 588 2315 hercle
619 2273 700 2315 tibi
731 2275 878 2316 messis
909 2273 984 2316 fiet
1013 2276 1056 2316 in
1089 2289 1162 2317 ore
1193 2277 1350 2329 mergis
1381 2278 1568 2331 pugneis.

957 2373 1175 2415 Lorarii

322 2442 493 2484 Nullum
527 2443 738 2485 habemus
770 2445 931 2497 ignem3
962 2444 1054 2487 ficis
1086 2446 1338 2489 uictitamus
1371 2447 1517 2490 aridis.

432 2602 500 2634 740
525 2600 615 2635 Nam
643 2601 725 2636 huic
753 2603 891 2636 alterae
917 2604 1037 2647 patria
1062 2616 1156 2649 quae
1257 2607 1320 2639 741
1348 2604 1425 2639 Nisi
1453 2606 1481 2640 si
1510 2606 1586 2641 scio
1611 2605 1648 2640 Β
1739 2607 1805 2642 ’742

321 2657 420 2692 Tuae
519 2657 710 2692 Contende
737 2669 826 2701 ergo
854 2663 936 2693 uter
961 2660 1007 2694 sit
1032 2665 1140 2706 tergo
1168 2662 1246 2696 ueri
1347 2662 1413 2696 745
1438 2661 1571 2697 Postea
1671 2667 1709 2698 tu
1736 2674 1802 2699 om.

320 2715 386 2749 747
411 2725 521 2758 opero
626 2716 692 2747 750
717 2715 830 2748 semul
857 2716 890 2749 R
993 2718 1055 2751 751
1087 2719 1228 2752 nonoris
1255 2722 1311 2752 ost
1410 2720 1477 2753 752
1503 2720 1652 2764 hecquis
1678 2720 1713 2754 B

319 2771 479 2806 hostium
504 2771 539 2804 B
632 2772 698 2805 753
724 2772 758 2804 in
788 2784 848 2805 oro
874 2772 933 2805 fiet
1029 2775 1163 2817 pugnis
1256 2776 1323 2809 754
1348 2775 1582 2810 uictimamus
1607 2777 1642 2811 B

1895 2265 1902 2290 Ι
