2009 3218
748 218 1006 254 Truculentus.
1542 223 1621 260 609

141 346 408 384 Palatiuorum
441 347 676 383 testimoniis
709 350 747 383 et
778 349 902 384 omnis
935 353 1209 397 corruptorum
1243 347 1464 385 emendatio
1497 361 1517 385 a
1542 362 1626 384 cou-

140 414 288 452 iectura
326 414 489 464 pendet,
538 416 713 464 quamvis
760 416 885 452 multa
931 416 1164 466 Spengelius
1210 416 1376 453 feliciter
1420 417 1625 461 invenerit,

137 486 266 520 tamen
300 496 374 520 non
406 486 464 520 est
495 482 715 519 mirandum
747 483 986 532 permultum
1020 484 1197 521 relictum
1230 496 1313 520 esse
1337 485 1479 534 operis.
1534 484 1628 521 Post

138 563 224 588 eum
269 551 307 588 in
353 551 424 588 hac
468 551 601 588 fabula
647 550 890 588 emendanda
938 551 1049 588 multi
1096 553 1167 588 viri
1216 551 1321 588 docti
1360 552 1625 592 elaborarunt.

138 621 304 656 maxime
335 619 543 668 Kiessling.
577 619 717 657 Annal.
751 619 844 668 phil.
876 618 1038 665 XCVII,
1080 619 1259 667 Seyffert.
1295 619 1432 657 Philol.
1467 619 1626 662 XXVII,

137 688 242 726 Brix.
269 689 306 725 in
330 700 462 737 progr.
486 701 660 737 gymnas.
687 687 881 735 Liegnitz.
912 688 1036 732 1868,
1053 687 1285 724 ‘Buecheler
1315 690 1415 726 Ann.
1442 689 1536 739 phil.
1563 690 1625 726 CV

136 770 174 806 p.
201 757 280 794 568
308 769 412 806 sqq..
446 756 620 806 Buggius
653 757 753 793 Ann.
786 755 882 806 phil.
911 756 1039 801 CVII.,
1074 755 1171 793 Phil.
1205 755 1328 802 XXX,
1363 756 1546 806 Opuscul.
1580 759 1627 795 ad

137 825 377 874 Madvigium
418 838 440 862 a
478 824 683 875 discipulis
721 826 838 869 miss,
873 824 936 862 Fr.
969 824 1187 862 Schoellius
1218 826 1328 874 prius
1359 827 1397 862 in
1428 826 1628 863 Analectis

137 893 340 941 Plautinis,
366 893 508 931 deinde
531 895 567 930 in
587 893 758 931 editione
776 892 1044 930 Ritscheliana
1068 893 1184 938 1881,
1211 893 1290 938 alii,
1316 906 1413 942 quos
1438 895 1504 931 ubi
1530 907 1627 944 opus

136 963 211 998 erit
249 961 553 1007 nominabimus,
593 963 617 999 i.
657 975 689 998 e.
730 961 796 999 ubi
837 973 968 998 eorum
1008 962 1251 998 coniecturas
1290 965 1358 998 aut
1399 963 1435 998 in
1474 966 1625 999 textum

138 1031 398 1080 receperimus
438 1033 506 1067 aut
544 1034 587 1067 ut
621 1025 660 1066 in
693 1043 733 1066 re
766 1029 885 1067 dubia
917 1029 1277 1067 commemorandas
1309 1029 1554 1076 duxerimus,
1595 1032 1625 1066 si

136 1099 238 1138 forte
261 1100 349 1137 aliis
380 1100 462 1137 veri
494 1098 716 1136 inveniendi
749 1099 848 1136 viam
875 1102 1092 1135 monstrare
1115 1099 1288 1147 possint3
1320 1098 1509 1148 pleraque
1540 1112 1627 1136 con-

137 1168 240 1206 sulto
272 1169 492 1214 omisimus,
539 1169 757 1218 praesertim
800 1180 917 1216 quum
958 1168 997 1204 in
1029 1171 1211 1204 accurata
1241 1166 1424 1204 Schoellii
1456 1167 1628 1205 editione

135 1237 303 1274 inveniri
333 1240 505 1286 possent.
574 1236 777 1273 Permulta
808 1236 924 1273 etiam
957 1248 1058 1272 nunc
1089 1239 1258 1282 restant,
1305 1249 1373 1272 nec
1405 1237 1478 1273 nisi
1519 1238 1628 1274 novis

135 1305 320 1343 subsidiis
344 1305 514 1343 inventis
545 1305 747 1354 persanari
772 1317 887 1354 posse
912 1303 1082 1341 fabulam
1107 1304 1344 1354 sperandum
1370 1308 1448 1351 est3
1483 1304 1626 1342 editori

136 1377 266 1412 autem
304 1373 606 1419 concedendum,
639 1375 670 1410 si
702 1374 740 1410 in
771 1372 844 1410 hac
874 1373 1008 1410 fabula
1038 1373 1188 1410 edenda
1219 1372 1405 1410 audacius
1437 1386 1554 1422 quam
1590 1374 1628 1410 in

136 1443 277 1480 ceteris
309 1441 543 1479 versabitur.
584 1461 639 1466 —
680 1441 859 1479 Varietas
898 1443 1104 1492 scripturae
1144 1441 1350 1478 maximam
1388 1446 1541 1491 partem
1583 1456 1629 1479 ex

136 1511 333 1561 Spengelii
359 1515 398 1548 et
422 1510 605 1548 Schoellii
637 1512 807 1560 repetita
832 1514 892 1548 est
916 1510 1170 1548 editionibus.
1233 1509 1377 1558 Magno
1403 1512 1518 1548 etiam
1542 1512 1629 1548 usui

135 1580 211 1617 fuit
235 1579 464 1617 Schneideri
487 1592 735 1628 programma
759 1579 1070 1617 Vratislaviense
1095 1592 1128 1616 a.
1160 1578 1277 1624 1834,
1311 1580 1371 1615 cui
1402 1579 1630 1627 „praemissa

135 1652 194 1685 est
224 1647 354 1685 Plauti
386 1647 648 1685 Truculentus
681 1660 728 1684 ex
760 1647 893 1685 codice
924 1646 1247 1696 Heidelbergensi
1279 1645 1502 1696 expressa“.

249 1716 510 1753 Personarum
544 1717 701 1752 nomina
732 1717 877 1765 partim
910 1729 954 1752 ea
985 1720 1087 1762 sunt,
1128 1728 1214 1765 quae
1244 1715 1410 1752 Athenis
1443 1716 1557 1765 vulgo
1589 1718 1626 1753 in

136 1798 209 1822 usu
239 1785 410 1831 fuerunt,
442 1789 487 1821 ut
523 1779 733 1830 Callicles,
767 1779 970 1833 Strabaoe,
1006 1779 1264 1821 vam'arclzus
1295 1784 1424 1829 etiam,
1457 1797 1479 1820 a
1511 1784 1628 1821 Dinia

137 1853 348 1891 formatum
387 1858 431 1890 ut·
461 1853 772 1890 Alcesimarchus
811 1853 848 1889 in
881 1851 1104 1889 Cistellaria
1143 1851 1190 1889 ab
1222 1852 1437 1899 Alcesim03
1485 1865 1626 1890 nomen

137 1923 312 1960 restituit
334 1922 480 1960 Ritsch.
507 1921 647 1971 Opusc.
673 1920 730 1958 III
754 1934 791 1970 p.
819 1922 911 1968 343,
944 1934 1062 1970 quum
1094 1924 1210 1958 antea
1234 1919 1453 1958 Dinarchus
1483 1921 1627 1958 scribe-

136 1994 266 2038 retur;
311 2004 404 2028 vera
441 1990 565 2027 forma
604 1994 731 2026 exstat
767 1991 839 2027 121
885 1990 923 2026 in
956 1990 1008 2035 A,
1055 1990 1131 2027 192
1164 1994 1204 2026 et
1235 1989 1316 2027 204
1346 1990 1386 2025 in
1417 1989 1503 2036 AB,
1548 1992 1625 2028 353

137 2060 175 2097 in
202 2059 312 2106 ABC,
339 2059 420 2097 582
446 2061 482 2095 in
510 2059 553 2105 B,
581 2060 658 2095 815
693 2061 732 2095 et
759 2059 837 2095 847
870 2060 906 2095 in
938 2058 988 2104 133
1027 2058 1171 2107 partim
1204 2058 1362 2095 nomina
1385 2071 1432 2094 ex
1465 2058 1628 2108 ingeniis

135 2140 394 2177 personarum
445 2126 667 2174 finguntur,
720 2131 766 2163 ut
813 2121 1094 2164 Phronesium
1148 2127 1336 2163 meretrix
1381 2125 1523 2163 callida
1567 2127 1626 2164 vel

136 2197 310 2245 sapiens,
355 2209 391 2233 v.
427 2196 496 2241 80,
545 2189 862 2242 Stratophanes,
903 2196 971 2243 qui
1003 2195 1212 2231 militarem
1243 2194 1409 2245 speciem
1442 2198 1626 2232 ostentat.

136 2259 373 2314 Stratyllax
410 2263 610 2301 Strabacis
650 2276 785 2300 servus
830 2262 1080 2300 truculentus
1126 2267 1197 2301 est.
1270 2262 1422 2300 Nomen
1461 2264 1499 2300 in
1537 2277 1627 2301 con-

135 2336 250 2370 textu
278 2332 422 2369 fabulae
454 2344 643 2381 nusquam
677 2335 823 2377 exstat,
863 2330 931 2369 sed
966 2332 1003 2368 in
1036 2331 1153 2369 titulo
1185 2335 1275 2368 ante
1306 2344 1341 2368 v.
1376 2332 1455 2369 636
1491 2331 1625 2379 „Stra-

136 2398 258 2438 tilax“
294 2400 450 2450 legitur,
483 2399 586 2450 quod
611 2412 846 2449 quamquam
871 2399 923 2436 ibi
949 2399 1046 2436 falso
1071 2384 1265 2448 scriptum·
1283 2402 1353 2447 est,
1384 2413 1472 2437 nam
1496 2400 1626 2446 herus,

136 2482 212 2507 non
243 2482 379 2506 servus
410 2467 688 2518 significandus
719 2472 815 2514 erat,
857 2472 987 2505 tamen
1027 2467 1074 2504 ad
1116 2481 1272 2505 servum
1302 2468 1502 2518 pertinere
1534 2468 1626 2506 olim

136 2537 378 2575 intellectum
410 2541 481 2574 est.
547 2535 690 2573 Verum
723 2535 905 2574 viderunt·
936 2535 1101 2574 Bothius
1132 2539 1168 2573 et
1202 2535 1392 2585 Bergkius
1424 2531 1627 2584 (Zeitschr.

137 2605 162 2643 f.
194 2604 365 2643 Alterth.
401 2605 506 2643 1848
548 2619 585 2655 p.
632 2601 756 2652 1126)
795 2604 914 2641 allato
953 2602 1150 2640 Ciceronis
1189 2604 1275 2642 loco
1314 2603 1385 2653 Ep.
1426 2603 1475 2641 ad
1506 2603 1626 2642 Attio.

136 2672 246 2719 XVI,
282 2673 351 2719 15,
386 2673 426 2711 3:
480 2673 640 2723 „Leptae
678 2672 897 2709 litterarum
938 2672 1157 2721 exemplum
1194 2671 1270 2709 tibi
1308 2673 1418 2718 misi,
1466 2685 1511 2709 ex
1551 2685 1627 2721 quo

137 2740 232 2778 mihi
264 2740 421 2779 videtur
444 2740 659 2790 Stratyllax
691 2740 756 2776 ille
790 2739 964 2777 deiectus
994 2739 1042 2776 (le
1065 2737 1230 2788 gradu“,
1262 2739 1327 2776 ubi
1345 2739 1398 2777 M.
1417 2740 1626 2785 Antonius,

137 2809 246 2847 cuius
277 2811 427 2847 animos
464 2809 662 2858 fregerant
701 2808 843 2844 milites
874 2807 1070 2844 Brundisii
1109 2821 1262 2859 parum¹
1285 2807 1511 2845 obedientes
1542 2820 1626 2844 cum

251 2882 288 2909 V.
1315 2883 1357 2916 39
