2009 3218
176 219 208 264 I,
237 222 266 263 1,
291 219 425 253 36—56
861 217 1019 252 Stichus.
1598 221 1674 260 195

786 342 1067 396 Pamphila

379 414 492 456 Tace
525 415 608 466 sis3
642 428 749 457 caue
781 415 840 457 sis
873 414 1047 456 audiam
1081 427 1158 466 ego
1191 414 1303 456 istuc
1629 427 1674 460 40

382 486 570 529 Posthac
602 501 652 528 ex
685 492 739 528 te.

778 565 1075 619 Panegyris

809 636 918 678 Nam
953 636 1058 690 quid
1091 636 1209 678 iam?

787 716 904 758 Pam
918 715 1068 770 phila

383 788 495 838 Quia
527 788 598 843 pol
633 803 725 830 meo
758 789 901 831 animo
934 789 1073 829 omnis
1106 788 1317 842 sapientis

381 861 515 903 Suum
549 860 739 903 officium
771 874 956 914 aequom
990 864 1056 902 est
1087 860 1228 902 colere
1261 865 1303 902 et
1333 859 1491 903 facere.

383 932 520 983 Quam
545 932 600 974 ob
626 947 716 974 rem
743 946 820 986 ego
846 939 888 974 te
905 932 998 982 hoc,
1025 946 1162 981 soror,
1188 937 1277 974 tam
1295 933 1378 975 etsi
1396 946 1441 975 es
1459 934 1607 985 maior,

383 1004 538 1047 Moneo
570 1010 618 1046 ut
648 1011 771 1046 tuum
803 1005 1050 1046 memineris
1083 1003 1286 1046 officium.
1636 1019 1681 1052 45

385 1076 476 1118 Etsi
510 1076 571 1118 illi
602 1077 776 1131 inprobi
809 1079 897 1118 sint
928 1084 1058 1131 atque
1092 1076 1218 1118 aliter

384 1147 436 1189 In
467 1162 546 1190 nos
579 1149 743 1190 faciant
773 1162 901 1203 quam
935 1162 1119 1202 aequom
1152 1154 1229 1198 est,
1263 1154 1352 1190 tam
1386 1149 1458 1204 pol

384 1219 474 1262 Nos
506 1221 644 1273 magis
677 1220 878 1262 omnibus
909 1221 1066 1262 obnixe
1099 1220 1256 1275 opibus

385 1292 596 1334 Nostrum
628 1291 816 1334 officium
849 1293 1097 1334 meminisse
1131 1293 1267 1335 decet.

783 1371 1078 1426 Panegyris

388 1443 553 1495 Placet3
588 1448 726 1486 taceo.

786 1523 1071 1577 Pamphssa

794 1596 851 1637 At
883 1597 1127 1639 memineris
1158 1595 1306 1638 facito.
1639 1609 1683 1643 50

187 1665 314 1720 [Nolo
346 1681 436 1721 ego,
468 1681 604 1717 soror,
639 1681 704 1710 me
737 1668 854 1709 credi
885 1682 978 1710 esse
1009 1669 1290 1710 inmemorem
1320 1668 1417 1719 uiri,

185 1739 335 1794 Neque
366 1739 437 1781 ille
471 1753 544 1781 eos
576 1739 776 1791 honores,
810 1740 913 1781 mihi
945 1755 1055 1795 quos
1086 1740 1251 1791 habuit,
1283 1740 1485 1794 perdidit.

187 1811 294 1854 Nam
327 1810 431 1853 mihi
463 1811 535 1866 pol
566 1817 692 1865 grata
723 1820 990 1866 acceptaque
1021 1812 1171 1854 huiust
1203 1812 1459 1866 benignitas.

188 1883 244 1926 Et
273 1898 339 1926 me
371 1883 544 1938 quidem
575 1883 684 1925 haec
715 1883 910 1925 condicio
942 1897 1054 1925 nuno
1085 1898 1170 1926 non
1201 1885 1409 1938 paenitet,

188 1955 337 2010 Neque
368 1961 433 1997 est
464 1969 541 1997 cur
571 1955 769 1997 studeam
801 1955 878 1997 has
910 1958 1084 2009 nuptias
1116 1957 1335 1998 mutarier.
1643 1969 1684 2002 55

189 2027 347 2070 Uerum
380 2032 598 2082 postremo
630 2028 674 2069 in
706 2028 843 2081 patris
874 2033 1091 2081 potestate
1123 2033 1189 2070 est
1222 2029 1375 2080 situm3

190 2098 453 2142 Faciendum
484 2100 528 2140 id
559 2099 685 2142 nobis
717 2100 832 2153 quod
865 2106 1068 2154 parentes
1098 2101 1311 2154 inperant.

793 2179 1085 2233 Paneyyris

191 2250 286 2293 Scio
318 2256 451 2305 atque
483 2253 527 2293 in
558 2253 789 2305 cogitando
823 2265 1017 2292 maerore
1051 2265 1234 2304 augeor3

191 2322 298 2364 Nam
330 2323 464 2377 probe
496 2324 670 2364 modum
703 2325 788 2364 iam
823 2323 1014 2364 ostendit
1046 2337 1165 2365 suam
1200 2324 1471 2365 sententiam.

193 2393 330 2447 Igitur
361 2409 620 2449 quaeramus
651 2395 775 2436 nobis
808 2396 911 2448 quid
944 2394 1058 2436 facto
1090 2409 1194 2436 usus
1227 2394 1316 2448 sit]
1643 2408 1687 2440 60

304 2509 349 2542 40
369 2508 534 2552 prooeimo
554 2509 743 2552 postponit
767 2507 799 2540 A
894 2506 972 2540 PIN
1001 2506 1029 2542 C'
1138 2509 1178 2541 41
1208 2507 1304 2542 Caue
1329 2508 1486 2552 posthae
1511 2507 1581 2543 BC

195 2565 257 2609 qui
280 2564 346 2600 Bc
457 2567 502 2599 42
527 2563 607 2598 PIN
636 2563 665 2599 0
777 2566 820 2597 44
846 2575 952 2597 soror
977 2574 1047 2607 ego
1073 2563 1143 2598 hoo
1168 2567 1205 2598 te
1231 2564 1264 2598 A
1375 2567 1418 2599 47
1443 2565 1489 2599 In
1515 2575 1579 2600 om.

196 2626 317 2656 tamen
340 2621 408 2657 ΒΟ
496 2623 540 2656 48
565 2620 619 2655 Ne
645 2621 733 2665 quid
758 2622 874 2664 magis
901 2623 949 2654 sit
973 2620 1018 2663 A,
1045 2618 1098 2654 Ne
1125 2621 1213 2665 quid
1238 2622 1355 2665 magis
1383 2623 1496 2656 simus
1521 2610 1588 2656 BC
1648 2659 1653 2666 ,

196 2677 375 2713 obnoxiae
399 2677 436 2713 B
545 2679 590 2712 50
614 2677 743 2711 PANE
770 2676 799 2710 C
908 2676 1002 2711 PAN
1032 2677 1061 2714 C
1166 2679 1301 2712 51-—60
1325 2689 1390 2713 om.
1417 2678 1450 2711 A
1555 2679 1598 2712 53
1625 2678 1685 2722 pol

197 2733 284 2769 mihi
311 2734 341 2770 G
429 2735 535 2769 huius
562 2740 615 2770 est
711 2736 753 2768 54
778 2734 848 2768 hoc
874 2733 909 2768 Β
1010 2734 1116 2778 petiit
1140 2737 1178 2768 et
1194 2733 1222 2768 G
1314 2736 1357 2768 55
1382 2746 1449 2768 cur
1475 2745 1549 2769 non
1642 2736 1687 2768 60

198 2790 295 2834 quod
322 2790 351 2826 C
437 2791 534 2827 facio
630 2792 676 2825 sit
702 2790 856 2834 antipho
881 2791 915 2826 B

1353 2865 1411 2897 13*
