2009 3218
153 162 181 205 1,
210 163 237 203 1,
266 160 393 195 19—44
764 157 1022 192 Truculentua.
1554 161 1626 201 341

151 285 302 329 Itidem
335 288 400 325 est
430 287 611 324 amator.
674 281 716 323 Si
750 282 791 323 id
825 282 940 336 quod
973 287 1124 325 oratur
1155 283 1275 325 dedit
1590 297 1636 330 40

150 358 287 412 Atque
319 360 385 398 est
416 354 624 407 benignus
657 355 800 408 potius
831 367 960 408 quam
994 354 1103 407 frugi
1138 355 1289 406 bonae,

150 428 375 472 Adduntur
405 431 576 475 noctes;
609 426 781 467 interim
813 425 884 466 ille
917 425 1089 467 hamum
1123 432 1260 468 uorat.

148 501 190 544 Si
222 499 351 542 semel
382 498 543 539 amoris
577 497 774 551 poculum
807 498 978 551 accepit
1010 498 1129 544 meri,

149 565 295 626 anue
327 571 439 611 intra
474 575 622 623 pectus
655 584 698 610 se
733 570 979 623 penetrauit
1012 570 1146 623 potio,

148 641 374 696 Extemplo
406 646 448 682 et
479 642 600 695 ipsus
634 641 763 695 periit
795 647 834 683 et
870 656 938 683 res
971 646 1013 683 et
1045 641 1162 682 fides.
1590 654 1633 686 45

146 715 189 758 Si
221 715 425 756 iratumst
456 717 646 754 scortum
679 713 789 754 forte
820 714 1003 755 amatori
1037 727 1128 761 suo,

146 786 217 829 Bis
248 785 360 840 perit
391 792 573 834 amator,
605 785 659 826 ab
690 800 735 826 re
767 789 898 840 atque
929 783 977 826 ab
1009 786 1153 827 animo
1183 786 1330 837 simu13

146 858 218 901 Sin
250 857 376 898 aliter
406 857 570 897 ani-mus
601 857 691 897 eius
723 862 800 901 est.
834 857 978 898 itidem
1012 857 1134 911 perit.

146 929 188 973 Si
220 943 340 971 raras
372 933 523 970 noctes
557 928 688 977 ducit,
721 928 775 970 ab
808 930 951 971 auimo
985 929 1112 983 perit,

144 1002 214 1045 Sin
247 1001 423 1043 crebras
455 1001 581 1046 ducit,
614 1001 733 1054 ipsus
765 1001 938 1054 gaudet,
969 1015 1038 1043 res
1070 1003 1203 1056 perit3
1591 1014 1635 1047 50

144 1073 211 1116 Ita
239 1072 344 1115 nihil
373 1071 541 1113 omnino
572 1073 613 1113 in
648 1073 831 1115 aedibus
865 1073 1021 1127 linquet
1050 1073 1151 1115 suis.

141 1145 265 1187 Prius
296 1157 424 1198 quam
458 1159 588 1186 unum
620 1144 806 1189 dederis.
839 1150 1012 1187 eentum
1044 1159 1155 1198 quae
1183 1151 1337 1200 poscat
1368 1150 1506 1199 parat.

144 1218 227 1259 Aut
257 1217 387 1271 periit
417 1230 571 1258 aurum
603 1223 677 1258 aut
709 1218 929 1259 conscissa
963 1217 1124 1271 pallula
1155 1222 1234 1262 est.

144 1289 227 1331 Aut
256 1293 400 1342 empta
431 1289 591 1330 aneilla
621 1293 699 1330 aut
729 1289 904 1343 aliquod
938 1303 1090 1330 uasum
1122 1296 1373 1342 argenteum

143 1362 226 1402 Aut
255 1374 409 1402 uasum
440 1359 625 1402 ahenum
659 1362 883 1415 antiquom
917 1366 994 1403 aut
1025 1362 1163 1403 lectus
1196 1362 1408 1416 sculptilis
1588 1373 1632 1406 55

141 1434 226 1475 Aut
255 1432 488 1474 armariola
520 1431 700 1477 Graeca,
734 1440 809 1475 aut
842 1433 1005 1488 aliquid
1041 1448 1211 1488 semper
1242 1438 1316 1485 est,

142 1504 266 1556 Quod
297 1508 406 1557 optet
435 1504 679 1559 debeatque
712 1519 860 1546 amaus
894 1511 1036 1547 scorto
1069 1518 1157 1546 suo.

140 1578 278 1631 Atque
309 1577 416 1619 haec
447 1577 637 1619 celamus
669 1581 814 1619 nostra
847 1578 1004 1619 damna
1035 1577 1263 1627 industria,

140 1648 276 1700 Quom
307 1664 394 1690 rem
428 1648 643 1703 fidemque
674 1663 842 1703 nosque
874 1655 1045 1691 uosmet
1077 1649 1308 1703 perdimus,

138 1721 200 1763 Ne
231 1722 302 1775 qui
334 1726 537 1775 parentes
569 1735 652 1763 neu
686 1723 859 1773 cognati
891 1723 1091 1763 sentiant.
1583 1732 1628 1766 60

139 1793 255 1844 Quos
285 1807 413 1847 quom
447 1793 637 1835 celamus
670 1794 704 1835 si
736 1793 922 1835 faximus
954 1795 1161 1843 conscios,

139 1863 220 1915 Qui
250 1870 424 1907 nostrae
456 1866 592 1907 aetati
623 1867 882 1920 tempestiuo
914 1870 1169 1920 temperent,

138 1936 233 1980 Una
262 1942 493 1992 anteparta
523 1937 674 1979 demus
706 1937 1056 1992 postpartoribus

139 2007 304 2063 [Faxim
336 2008 538 2051 lenonum
571 2015 615 2051 et
647 2014 889 2052 scortorum
922 2010 1019 2063 plus
1051 2008 1134 2063 est]

137 2080 193 2123 Et
221 2081 358 2123 minus
390 2081 692 2123 damnosorum
726 2081 948 2124 hominum
981 2095 1111 2135 quam
1142 2095 1258 2123 nuuc
1289 2085 1391 2123 sunt
1421 2081 1515 2123 siet.
1583 2092 1628 2126 65

246 2225 291 2259 40
313 2224 457 2259 Ibidem
552 2229 606 2259 set
631 2225 677 2267 Β,
705 2225 768 2260 sed
796 2225 826 2260 0
909 2227 949 2259 41
980 2226 1073 2259 bone
1099 2223 1134 2258 Β
1223 2225 1267 2258 42
1291 2224 1437 2259 hamam
1463 2223 1500 2258 B
1582 2225 1626 2258 43

138 2291 234 2316 mere
300 2282 345 2316 45
370 2282 540 2326 exemplo
561 2281 591 2316 0
656 2283 756 2326 perit
824 2283 868 2316 46
893 2282 1027 2316 iratum
1054 2285 1218 2316 scortum
1245 2281 1378 2316 fortest
1447 2282 1492 2315 47
1515 2282 1628 2325 periit

225 2341 335 2382 atque
357 2339 481 2373 animo
506 2342 641 2378 (ammo
668 2338 708 2373 Οἱ
791 2339 834 2373 48
860 2339 952 2372 altvr
975 2338 1012 2373 Β
1093 2338 1197 2373 alteri
1222 2338 1345 2382 potius
1415 2338 1513 2373 idem
1583 2340 1626 2373 49

136 2394 246 2438 periit
314 2396 358 2429 50
383 2395 446 2429 Sin
471 2395 659 2429 crebrauit
682 2394 730 2438 B,
758 2396 787 2429 si
814 2395 1019 2439 inerepauit
1041 2395 1071 2430 G
1136 2395 1266 2440 gaudit
1286 2395 1321 2430 Β
1391 2397 1432 2430 51
1460 2395 1562 2430 Iteea
1580 2396 1626 2439 B,

138 2450 190 2485 ita
215 2454 251 2486 et
275 2450 304 2486 C
371 2451 507 2486 lenosis
578 2454 622 2486 52
646 2456 838 2496 ceutumq3
863 2452 898 2486 Β
945 2454 988 2486 53
1015 2452 1111 2496 perit
1181 2456 1245 2486 aut
1269 2462 1334 2488 om.
1405 2452 1575 2487 concissa
1601 2452 1629 2487 O

137 2508 180 2541 54
205 2512 343 2552 tempta
368 2508 402 2542 Β
482 2510 525 2542 55
552 2509 700 2553 aliquod
783 2509 923 2542 electus
949 2507 985 2543 Β
1054 2508 1200 2553 laptiles
1282 2511 1326 2545 56
1351 2513 1408 2545 est
1431 2521 1498 2545 om.
1582 2511 1626 2544 57

137 2567 240 2608 petra
307 2565 352 2599 58
375 2566 539 2600 eelumus
563 2566 610 2609 B⁷
637 2566 810 2600 caelamus
838 2565 867 2600 G
933 2577 1001 2600 nos
1028 2565 1226 2600 clammina
1294 2567 1338 2601 59
1363 2565 1441 2610 Quo
1470 2565 1512 2610 Β,
1539 2578 1625 2611 quo-

138 2619 231 2655 nium
257 2619 287 2655 G
382 2622 427 2656 60
452 2621 552 2666 Neq;
576 2623 741 2667 parentis
836 2633 931 2666 neq3
961 2621 991 2657 G
1079 2624 1250 2666 cognatis
1274 2623 1310 2657 Β
1403 2625 1444 2658 61
1471 2623 1624 2658 facimus

138 2677 301 2711 conscias
393 2679 437 2712 62
462 2680 665 2723 temperiut
758 2680 802 2712 63
827 2677 933 2713 Unue
959 2677 1005 2722 B,
1032 2679 1129 2714 unde
1157 2678 1186 2714 C'
1275 2683 1493 2724 anteparata
1581 2682 1626 2714 65

138 2731 255 2767 minos
280 2732 394 2768 danos
418 2734 550 2769 horum
574 2735 610 2769 B
