2009 3218
145 181 206 225 lv,
231 184 263 226 9,
287 183 397 217 3—13
839 181 957 216 Persa.
1583 188 1635 225 69

748 306 1020 349 Dordalus

644 379 706 431 Ei,
738 378 872 421 Persa
903 393 969 420 me
1002 393 1174 434 pessum
1209 380 1342 422 dedit.

803 471 845 515 U
851 473 866 513 τ’
876 487 969 525 ryo

144 547 272 590 Pater
301 545 372 588 hic
403 559 524 588 meus
555 550 631 588 est.

750 624 1020 666 Dordalus

685 696 807 740 Hem.
841 696 975 752 quid?
1007 697 1169 751 pater?
1228 698 1342 740 Perii
1375 699 1547 752 oppido.

143 769 254 821 Quid
287 783 364 823 ego
396 769 527 823 igitur
559 782 681 811 cesso
711 769 860 811 infelix
891 769 1173 811 lamentarier

141 842 278 885 Minas
309 842 563 896 sexaginta?

775 935 1000 978 Saturio

613 1008 704 1062 Ego
737 1008 809 1062 pol
841 1013 883 1050 te
917 1008 1084 1060 faciam,
1119 1008 1272 1059 scelus,
1566 1022 1634 1055 740

139 1081 196 1124 Te
229 1095 402 1137 quoque
434 1081 563 1123 etiam
597 1082 739 1136 ipsum
769 1084 818 1121 ut
849 1080 1111 1122 lamenteris.

745 1175 1014 1218 Dordalus

1155 1232 1319 1276 Occidi.

774 1304 994 1347 Saturio

139 1377 226 1430 Age
258 1376 434 1419 ambula
464 1377 508 1418 in
538 1377 618 1428 ius,
652 1376 763 1420 leno.

746 1472 1014 1514 Dordalus·

820 1543 933 1594 Quid
965 1558 1032 1586 me
1065 1545 1108 1586 in
1139 1545 1206 1587 ius
1238 1547 1402 1588 uocas?

773 1640 991 1681 Saturio

138 1710 206 1753 Illi
237 1710 351 1765 apud
382 1715 626 1766 praetorem
661 1711 812 1753 dicam.
874 1711 964 1753 Ted
996 1725 1074 1766 ego
1106 1713 1149 1754 in
1181 1713 1249 1755 ius
1279 1727 1402 1756 uoco.

747 1806 1018 1850 Dordalus
1278 1797 1285 1802 ⁶

138 1876 287 1920 Nonne
320 1879 579 1921 antestaris‘?

772 1958 991 2001 Saturio

636 2030 772 2072 Tuan'
805 2045 882 2085 ego
914 2045 1058 2083 causa,
1091 2031 1311 2082 carnufex,

138 2101 378 2157 Quoiquam
408 2102 580 2144 mortali
613 2102 750 2144 libero
782 2104 900 2145 auris
932 2109 1131 2154 atteram,
1560 2116 1626 2150 745

140 2173 219 2224 Qui
251 2175 318 2216 hic
350 2175 656 2217 commercaris
688 2175 797 2216 ciuis
830 2175 1025 2217 homines
1058 2176 1247 2218 liberos?

744 2269 818 2312 Do
832 2269 1015 2312 rclalus

139 2337 238 2382 Sine
267 2339 419 2383 dicam.

771 2413 989 2455 Saturio

481 2485 602 2528 Nolo.

744 2557 1015 2599 Dordalus

637 2629 761 2670 Audi.

256 2761 323 2797 73⁷
350 2765 386 2797 et
411 2762 477 2798 BC
567 2765 633 2798 743
660 2763 739 2798 Illic
833 2763 895 2798 sed
988 2765 1054 2799 745
1080 2768 1117 2800 at
1141 2768 1276 2800 terram
1302 2765 1338 2800 Β
