2009 3218
125 207 165 250 V,
195 210 222 250 l,
251 209 380 243 12—20
820 209 938 243 Persa.
1567 215 1609 251 71

710 333 1021 376 Lemnisena

123 404 270 447 Toxile
301 407 371 457 mi,
403 419 478 448 cur
509 419 587 459 ego
618 406 709 447 sine
733 410 776 448 te
802 406 927 447 sum‘?
973 404 1060 448 Cur
1086 412 1131 448 tu
1156 412 1302 449 autem
1331 409 1422 450 sine
1449 422 1514 449 me
1540 409 1612 450 es?

761 492 978 534 Toxilus

1273 550 1463 605 Agedum
1499 566 1613 607 ergo,

121 621 286 664 Accede
317 622 372 664 ad
404 635 470 663 me
501 625 632 676 atque
663 621 927 675 amplectere
960 622 1029 664 sis.

679 701 1043 744 Lemniselena

1095 775 1184 829 Ego
1217 789 1334 818 uero.

756 853 973 896 Toxilus

846 925 924 976 Oh,
957 926 1062 968 nihil
1093 926 1175 969 hoc
1206 929 1341 981 magis
1374 929 1496 971 dulce
1529 935 1605 971 est.

119 998 203 1041 Sed
235 997 405 1049 amabo,
440 997 590 1040 oculus
622 1012 753 1049 meus,
786 999 890 1052 quin
922 998 1046 1041 lectis
1070 1013 1149 1042 nos
1174 1005 1370 1043 actutum
1396 1015 1608 1044 commen-

1068 1072 1251 1115 damus?

680 1151 1047 1194 Lemni-selena

117 1224 282 1275 Omnia,
314 1237 426 1279 quae
458 1228 506 1266 tu
537 1225 614 1274 uis,
647 1238 696 1266 ea
729 1225 868 1279 cupio.

757 1304 972 1346 Toxilus

655 1377 807 1419 Mutua
837 1376 947 1419 fiunt
977 1392 1003 1420 a
1035 1391 1113 1420 me.
1170 1378 1271 1432 Age,
1305 1392 1384 1432 age
1416 1392 1517 1432 ergo
1543 1390 1610 1424 ‘765

113 1449 190 1501 Tu,
221 1449 474 1504 Sagaristio,
506 1449 712 1492 accumbe
743 1451 785 1490 in
819 1464 997 1493 summo.

707 1530 1012 1584 Sayaristz'o

461 1602 553 1656 Ego
585 1602 693 1645 nihil
725 1617 881 1645 moror.
943 1602 1058 1645 Cedo
1091 1617 1253 1657 parem,
1285 1618 1413 1658 quem
1444 1605 1600 1659 pepigi.

746 1683 850 1724 Tox
865 1683 968 1724 ilus

109 1739 320 1794 Temperi.

702 1809 1007 1862 Sayaristio

233 1882 339 1926 Mihi
370 1885 481 1926 istuc
511 1882 694 1936 temperi
727 1894 824 1923 sero
856 1886 932 1922 est.

745 1961 973 2003 Toxilus·

590 2035 682 2076 Hoc
714 2049 804 2087 age.
838 2034 1055 2075 accumbe.
1119 2033 1243 2075 Hunc
1276 2034 1385 2076 diem
1421 2049 1599 2077 suauem

106 2107 247 2150 Meum
278 2108 466 2150 natalem
500 2108 712 2161 agitemus
745 2120 984 2148 amoenum.
1046 2107 1157 2149 Date
1189 2120 1348 2161 aquam
1381 2107 1598 2159 manibus3

1055 2179 1259 2233 apponite
1291 2193 1494 2221 mensam.

107 2251 170 2294 Do
201 2251 313 2293 hanc
344 2251 423 2294 tibi
455 2251 677 2294 florentem
712 2250 906 2302 florenti3
937 2256 985 2292 tu
1017 2251 1086 2293 hic
1119 2252 1203 2293 eris
1231 2251 1434 2293 dictatrix
1459 2252 1596 2294 nobis.

673 2329 1035 2371 Lem-niselena

106 2402 206 2454 Age,
238 2416 380 2456 puere,
413 2417 440 2445 a
470 2417 636 2444 summo
672 2403 862 2456 septenis
895 2402 1062 2457 cyathis
1095 2402 1313 2445 committe
1346 2403 1424 2445 hos
1455 2403 1593 2446 ludos.

217 2562 283 2596 762
307 2566 429 2596 autem
456 2566 495 2596 tu
522 2561 551 2597 0
649 2561 796 2606 agidam
824 2560 859 2595 B
960 2562 1025 2596 763
1051 2573 1134 2596 mea
1158 2562 1204 2597 ad
1229 2574 1286 2597 me
1311 2563 1346 2598 B
1441 2563 1596 2607 amplec—

106 2618 196 2652 teris
220 2617 256 2653 Β
381 2619 452 2654 hoc
478 2629 543 2654 om.
570 2618 606 2652 Β
733 2619 799 2652 764
825 2619 973 2653 occulus
1000 2618 1029 2653 Ο
1153 2620 1239 2664 quin
1264 2621 1301 2654 in
1437 2621 1504 2654 765
1529 2631 1595 2664 age

108 2684 175 2719 nge
199 2685 266 2718 age
353 2677 419 2710 766
443 2687 568 2710 moror
593 2686 658 2710 om.
687 2674 716 2709 C
797 2674 902 2708 caedo
931 2675 960 2710 C
1036 2678 1168 2720 pepegi
1197 2677 1227 2711 C
1303 2678 1370 2712 '767
1394 2676 1464 2711 hoc
1490 2687 1556 2711 om.
1572 2677 1600 2711 0

105 2731 171 2766 ’168
195 2743 390 2768 moenum
419 2739 471 2767 οῦ
495 2732 530 2767 Β
693 2732 759 2766 769
782 2730 935 2767 florente
961 2731 1106 2767 florenti
1131 2732 1166 2768 Β
1356 2733 1535 2768 dixtatrix
1560 2732 1596 2768 B

104 2788 172 2822 '7⁷0
194 2788 326 2827 cinthio
