2009 3218
99 255 162 301 lv,
189 258 220 299 4,
245 256 381 292 48—57
787 256 905 289 Persa.
1537 260 1587 298 55

95 383 159 426 Ne
190 386 350 425 temere
381 382 492 424 hanc
522 385 565 423 te
597 381 750 423 emisse
782 380 904 422 dicas
936 394 1001 422 me
1034 381 1270 434 impulsore
1303 386 1380 423 aut
1411 381 1549 433 inlice,

94 454 202 498 Uolo
234 459 276 497 te
307 454 566 509 percontari.

704 532 977 574 Dordalus

551 604 662 656 Quin
692 603 837 654 laudo,
869 604 1060 658 inquam,
1093 603 1322 646 consilium
1354 609 1490 646 tuum.
1519 617 1585 651 595

729 699 948 740 Tooeilus

89 771 183 814 Nisi
218 772 446 815 molestum
477 775 556 822 est,
589 772 836 826 percontari
868 771 980 812 hanc
1012 770 1162 824 paucis
1194 770 1264 812 hic
1295 772 1398 813 uolt.

681 866 748 908 Sa
757 880 784 920 9
794 879 817 908 a
827 866 878 907 ri
886 879 908 908 s
921 865 961 907 ti
974 879 996 906 0

1367 938 1580 982 Maxume.

88 995 176 1038 Suo
207 995 433 1038 arbitratu.

725 1067 945 1108 Toxilus

374 1139 486 1190 Quid
519 1139 638 1181 stas?
670 1139 743 1181 adi
772 1140 829 1181 sis
860 1142 956 1181 tute
988 1143 1120 1194 atque
1152 1139 1246 1193 ipse
1277 1139 1428 1181 itidem
1461 1154 1579 1194 roga,

87 1210 145 1253 Ut
175 1211 255 1253 tibi
285 1211 531 1266 percontari
562 1210 692 1253 liceat
723 1225 834 1264 quae
864 1210 995 1262 uelis,
1028 1211 1110 1253 etsi
1141 1211 1242 1252 mihi

87 1283 206 1325 Dixit
237 1282 340 1325 dare
374 1287 634 1337 potestatem
667 1283 781 1335 eius3
814 1283 890 1325 sed
922 1297 1000 1337 ego
1032 1287 1074 1325 ‘te
1107 1283 1220 1326 malo
1253 1289 1399 1326 tamen

88 1355 277 1410 Eumpse
309 1355 443 1407 adire,
475 1359 524 1398 ut
554 1369 606 1397 ne
639 1359 888 1397 contemnat-
917 1359 961 1397 te
992 1355 1077 1398 ille.

695 1450 972 1492 Dordalus

1024 1522 1140 1565 Satis
1171 1526 1290 1565 recte
1324 1536 1487 1566 mones.
1513 1535 1581 1569 600

65 1594 272 1649 .Hospes‚
304 1594 403 1637 uolo
436 1608 515 1649 ego
547 1594 661 1637 hanc
692 1595 955 1649 percontari.

675 1689 901 1744 Sayaris
913 1689 985 1730 tio

836 1761 871 1802 A
902 1765 1020 1803 terra
1049 1761 1106 1803 ad
1138 1762 1304 1804 caelum
1338 1763 1576 1816 quidlubet.

698 1840 969 1884 Dordalus

85 1912 191 1955 Iube
223 1913 320 1955 dum
355 1927 407 1955 ea
436 1912 521 1955 huc
553 1913 733 1956 accedat
763 1913 819 1955 ad
852 1927 930 1955 me.

670 2007 984 2059 Sayaristio

907 2080 927 2122 I
958 2094 1060 2123 sane
1092 2094 1143 2123 ac
1174 2095 1336 2124 morem
1368 2082 1431 2124 illi
1463 2096 1575 2135 gere.

84 2150 362 2202 percontare,
394 2152 571 2205 exquire
603 2151 792 2206 quiduis.

723 2246 938 2288 Tooez'lus

822 2320 924 2373 Age,
959 2332 1038 2372 age
1069 2333 1183 2361 nunc
1217 2325 1264 2361 tu
1295 2321 1339 2361 in
1365 2321 1576 2374 proelium

88 2404 194 2448 Uide
225 2410 274 2448 ut
303 2405 550 2460 ingrediare
582 2406 821 2459 auspicato.

749 2499 790 2542 U
795 2500 910 2553 iryo

767 2572 999 2626 Liquidum
1030 2577 1097 2616 est
1127 2574 1380 2628 auspicium.
1449 2575 1573 2617 Tace.

195 2718 260 2751 594
286 2721 322 2751 te
347 2728 412 2753 om.
440 2718 469 2752 C
580 2729 688 2752 suasu
714 2722 826 2763 atque
850 2719 1011 2764 impulsu
1037 2732 1117 2754 meo
1143 2721 1210 2756 BG
1326 2723 1393 2756 595
1418 2732 1483 2757 om.
1510 2722 1579 2758 BC

85 2773 151 2806 597
177 2784 218 2806 a.
238 2774 314 2807 ..is
329 2775 372 2817 Δ,
402 2775 458 2807 abi
486 2774 531 2816 Β,
558 2775 641 2808 habi
672 2775 701 2810 C'
771 2777 838 2810 598
862 2777 1122 2816 percuntariA
1194 2779 1262 2812 600
1286 2778 1380 2812 Eum
1408 2780 1488 2823 ipse
1501 2779 1573 2817 BC,

83 2828 211 2864 Eumsi
239 2830 271 2864 A
373 2832 439 2864 602
465 2831 535 2866 hoc
563 2833 591 2865 A
687 2833 754 2866 603
782 2833 910 2876 inproe
935 2833 978 2875 B,
1005 2833 1145 2878 impera
1172 2834 1201 2869 C
