<?xml version="1.0" encoding="UTF-8"?>
<!DOCTYPE html PUBLIC "-//W3C//DTD XHTML 1.0 Transitional//EN"
    "http://www.w3.org/TR/xhtml1/DTD/xhtml1-transitional.dtd">
<html xmlns="http://www.w3.org/1999/xhtml" xml:lang="en" lang="en">
 <head>
  <title>
</title>
<meta http-equiv="Content-Type" content="text/html;charset=utf-8" />
  <meta name='ocr-system' content='tesseract 3.04.00' />
  <meta name='ocr-capabilities' content='ocr_page ocr_carea ocr_par ocr_line ocrx_word'/>
</head>
<body>
  <div class='ocr_page' id='page_1' title='image "./comoediaerecensu05plauuoft_0271.png"; bbox 0 0 2009 3218; ppageno 0'>
   <div class='ocr_carea' id='block_1_1' title="bbox 0 354 41 3218">
    <p class='ocr_par' dir='ltr' id='par_1_1' title="bbox 0 354 41 3218">
     <span class='ocr_line' id='line_1_1' title="bbox 0 354 41 3218; baseline 0 0"><span class='ocrx_word' id='word_1_1' title='bbox 0 354 41 3218; x_wconf 95' lang='lat' dir='ltr'><em> </em></span> 
     </span>
    </p>
   </div>
   <div class='ocr_carea' id='block_1_2' title="bbox 173 214 1658 259">
    <p class='ocr_par' dir='ltr' id='par_1_2' title="bbox 173 214 1658 259">
     <span class='ocr_line' id='line_1_2' title="bbox 173 214 1658 259; baseline -0.001 -9"><span class='ocrx_word' id='word_1_2' title='bbox 173 217 200 255; x_wconf 91' lang='lat'><em>1.</em></span> <span class='ocrx_word' id='word_1_3' title='bbox 226 217 259 259; x_wconf 79' lang='lat'><em>2,</em></span> <span class='ocrx_word' id='word_1_4' title='bbox 290 216 464 250; x_wconf 78' lang='lat'><strong>156-169</strong></span> <span class='ocrx_word' id='word_1_5' title='bbox 797 214 1042 249; x_wconf 79' lang='lat' dir='ltr'><em>Trinummus.</em></span> <span class='ocrx_word' id='word_1_6' title='bbox 1578 216 1658 254; x_wconf 74' lang='grc'><em>265</em></span> 
     </span>
    </p>
   </div>
   <div class='ocr_carea' id='block_1_3' title="bbox 172 341 1567 772">
    <p class='ocr_par' dir='ltr' id='par_1_3' title="bbox 172 341 1567 772">
     <span class='ocr_line' id='line_1_3' title="bbox 725 341 1096 393; baseline -0.003 -11"><span class='ocrx_word' id='word_1_7' title='bbox 725 341 1096 393; x_wconf 71' lang='lat' dir='ltr'><em>Meyaronides</em></span> 
     </span>
     <span class='ocr_line' id='line_1_4' title="bbox 172 397 513 452; baseline -0.003 -12"><span class='ocrx_word' id='word_1_8' title='bbox 172 397 252 440; x_wconf 77' lang='lat' dir='ltr'><em>Sed</em></span> <span class='ocrx_word' id='word_1_9' title='bbox 285 398 386 452; x_wconf 83' lang='lat' dir='ltr'><em>quid</em></span> <span class='ocrx_word' id='word_1_10' title='bbox 419 400 513 439; x_wconf 74' lang='lat' dir='ltr'><em>ais?</em></span> 
     </span>
     <span class='ocr_line' id='line_1_5' title="bbox 784 483 1041 525; baseline -0.004 0"><span class='ocrx_word' id='word_1_11' title='bbox 784 483 1041 525; x_wconf 73' lang='lat' dir='ltr'><em>Callicles</em></span> 
     </span>
     <span class='ocr_line' id='line_1_6' title="bbox 563 556 805 606; baseline 0 -8"><span class='ocrx_word' id='word_1_12' title='bbox 563 556 674 606; x_wconf 87' lang='lat' dir='ltr'>Quid</span> <span class='ocrx_word' id='word_1_13' title='bbox 709 557 805 598; x_wconf 76' lang='lat' dir='ltr'><em>uis?</em></span> 
     </span>
     <span class='ocr_line' id='line_1_7' title="bbox 718 657 1095 712; baseline -0.008 -11"><span class='ocrx_word' id='word_1_14' title='bbox 718 657 1095 712; x_wconf 68' lang='lat' dir='ltr'><em>Meqaronidcs</em></span> 
     </span>
     <span class='ocr_line' id='line_1_8' title="bbox 858 729 1567 772; baseline -0.001 0"><span class='ocrx_word' id='word_1_15' title='bbox 858 730 941 772; x_wconf 90' lang='lat' dir='ltr'><em>Ubi</em></span> <span class='ocrx_word' id='word_1_16' title='bbox 974 744 1087 771; x_wconf 87' lang='lat' dir='ltr'><em>nunc</em></span> <span class='ocrx_word' id='word_1_17' title='bbox 1119 729 1374 771; x_wconf 65' lang='lat' dir='ltr'><em>adulescens·</em></span> <span class='ocrx_word' id='word_1_18' title='bbox 1407 730 1567 772; x_wconf 82' lang='lat' dir='ltr'><em>habet?</em></span> 
     </span>
    </p>
   </div>
   <div class='ocr_carea' id='block_1_4' title="bbox 169 831 1656 959">
    <p class='ocr_par' dir='ltr' id='par_1_4' title="bbox 169 831 1656 959">
     <span class='ocr_line' id='line_1_9' title="bbox 783 831 1038 875; baseline -0.004 -1"><span class='ocrx_word' id='word_1_19' title='bbox 783 831 1038 875; x_wconf 71' lang='lat' dir='ltr'><em>Callicles</em></span> 
     </span>
     <span class='ocr_line' id='line_1_10' title="bbox 169 904 1656 959; baseline 0.002 -13"><span class='ocrx_word' id='word_1_20' title='bbox 169 904 430 946; x_wconf 75' lang='lat' dir='ltr'><em>Post-iculum</em></span> <span class='ocrx_word' id='word_1_21' title='bbox 464 905 544 947; x_wconf 90' lang='lat' dir='ltr'><em>hoc</em></span> <span class='ocrx_word' id='word_1_22' title='bbox 576 907 752 959; x_wconf 80' lang='lat' dir='ltr'><em>recepit,</em></span> <span class='ocrx_word' id='word_1_23' title='bbox 784 919 912 958; x_wconf 85' lang='lat' dir='ltr'><em>quom</em></span> <span class='ocrx_word' id='word_1_24' title='bbox 944 905 1066 947; x_wconf 83' lang='lat' dir='ltr'><strong>aedis</strong></span> <span class='ocrx_word' id='word_1_25' title='bbox 1099 904 1306 946; x_wconf 76' lang='lat' dir='ltr'><em>uendidit.</em></span> <span class='ocrx_word' id='word_1_26' title='bbox 1592 917 1656 949; x_wconf 82' lang='lat'><em>195</em></span> 
     </span>
    </p>
   </div>
   <div class='ocr_carea' id='block_1_5' title="bbox 165 1000 1512 1199">
    <p class='ocr_par' dir='ltr' id='par_1_5' title="bbox 165 1000 1512 1199">
     <span class='ocr_line' id='line_1_11' title="bbox 715 1000 1102 1054; baseline -0.003 -12"><span class='ocrx_word' id='word_1_27' title='bbox 715 1000 1102 1054; x_wconf 73' lang='lat' dir='ltr'><em>Meyaronz&#39;des</em></span> 
     </span>
     <span class='ocr_line' id='line_1_12' title="bbox 167 1071 1130 1124; baseline 0 -12"><span class='ocrx_word' id='word_1_28' title='bbox 167 1071 282 1112; x_wconf 86' lang='lat' dir='ltr'><em>Istuc</em></span> <span class='ocrx_word' id='word_1_29' title='bbox 313 1072 510 1113; x_wconf 81' lang='lat' dir='ltr'><em>uolebam</em></span> <span class='ocrx_word' id='word_1_30' title='bbox 544 1072 673 1124; x_wconf 77' lang='lat' dir='ltr'><em>scire3</em></span> <span class='ocrx_word' id='word_1_31' title='bbox 705 1074 717 1114; x_wconf 90' lang='lat' dir='ltr'><em>i</em></span> <span class='ocrx_word' id='word_1_32' title='bbox 750 1087 854 1114; x_wconf 87' lang='lat' dir='ltr'><em>sane</em></span> <span class='ocrx_word' id='word_1_33' title='bbox 886 1086 1001 1114; x_wconf 84' lang='lat' dir='ltr'><em>nunc</em></span> <span class='ocrx_word' id='word_1_34' title='bbox 1033 1073 1130 1113; x_wconf 88' lang='lat' dir='ltr'><em>iam.</em></span> 
     </span>
     <span class='ocr_line' id='line_1_13' title="bbox 165 1143 1512 1199; baseline 0 -14"><span class='ocrx_word' id='word_1_35' title='bbox 165 1143 247 1185; x_wconf 86' lang='lat' dir='ltr'><em>Sed</em></span> <span class='ocrx_word' id='word_1_36' title='bbox 279 1144 382 1197; x_wconf 81' lang='lat' dir='ltr'><em>quid</em></span> <span class='ocrx_word' id='word_1_37' title='bbox 415 1145 507 1185; x_wconf 74' lang='lat' dir='ltr'><em>ais?</em></span> <span class='ocrx_word' id='word_1_38' title='bbox 538 1145 641 1198; x_wconf 83' lang='lat' dir='ltr'><em>quid</em></span> <span class='ocrx_word' id='word_1_39' title='bbox 674 1158 787 1186; x_wconf 84' lang='lat' dir='ltr'><em>nuuc</em></span> <span class='ocrx_word' id='word_1_40' title='bbox 818 1145 972 1198; x_wconf 76' lang='lat' dir='ltr'><em>uirgo?</em></span> <span class='ocrx_word' id='word_1_41' title='bbox 1004 1159 1158 1198; x_wconf 82' lang='lat' dir='ltr'>nempe</span> <span class='ocrx_word' id='word_1_42' title='bbox 1189 1145 1306 1199; x_wconf 84' lang='lat' dir='ltr'><em>apud</em></span> <span class='ocrx_word' id='word_1_43' title='bbox 1338 1149 1382 1186; x_wconf 90' lang='lat' dir='ltr'><em>te</em></span> <span class='ocrx_word' id='word_1_44' title='bbox 1414 1145 1512 1186; x_wconf 84' lang='lat' dir='ltr'><em>est‘?</em></span> 
     </span>
    </p>
   </div>
   <div class='ocr_carea' id='block_1_6' title="bbox 778 1246 1652 1353">
    <p class='ocr_par' dir='ltr' id='par_1_6' title="bbox 778 1246 1652 1353">
     <span class='ocr_line' id='line_1_14' title="bbox 778 1246 1034 1290; baseline -0.008 0"><span class='ocrx_word' id='word_1_45' title='bbox 778 1246 1034 1290; x_wconf 74' lang='lat' dir='ltr'><em>Callicles</em></span> 
     </span>
     <span class='ocr_line' id='line_1_15' title="bbox 1477 1304 1652 1353; baseline -0.006 -7"><span class='ocrx_word' id='word_1_46' title='bbox 1477 1304 1544 1346; x_wconf 70' lang='lat' dir='ltr'><em>Ita,</em></span> <span class='ocrx_word' id='word_1_47' title='bbox 1575 1310 1652 1353; x_wconf 83' lang='lat' dir='ltr'><em>est,</em></span> 
     </span>
    </p>
   </div>
   <div class='ocr_carea' id='block_1_7' title="bbox 163 1383 906 1437">
    <p class='ocr_par' dir='ltr' id='par_1_7' title="bbox 163 1383 906 1437">
     <span class='ocr_line' id='line_1_16' title="bbox 163 1383 906 1437; baseline -0.001 -12"><span class='ocrx_word' id='word_1_48' title='bbox 163 1383 375 1437; x_wconf 81' lang='lat' dir='ltr'><em>qutaque</em></span> <span class='ocrx_word' id='word_1_49' title='bbox 408 1398 500 1425; x_wconf 81' lang='lat' dir='ltr'><em>eam</em></span> <span class='ocrx_word' id='word_1_50' title='bbox 534 1398 636 1426; x_wconf 83' lang='lat' dir='ltr'><em>curo</em></span> <span class='ocrx_word' id='word_1_51' title='bbox 670 1398 767 1426; x_wconf 86' lang='lat' dir='ltr'><em>cum</em></span> <span class='ocrx_word' id='word_1_52' title='bbox 802 1399 906 1425; x_wconf 88' lang='lat' dir='ltr'><em>mea.</em></span> 
     </span>
    </p>
   </div>
   <div class='ocr_carea' id='block_1_8' title="bbox 718 1487 1251 1601">
    <p class='ocr_par' dir='ltr' id='par_1_8' title="bbox 718 1487 1251 1601">
     <span class='ocr_line' id='line_1_17' title="bbox 718 1487 1093 1539; baseline -0.003 -10"><span class='ocrx_word' id='word_1_53' title='bbox 718 1487 1093 1539; x_wconf 71' lang='lat' dir='ltr'><em>Meyaronisles</em></span> 
     </span>
     <span class='ocr_line' id='line_1_18' title="bbox 967 1558 1251 1601; baseline 0 -1"><span class='ocrx_word' id='word_1_54' title='bbox 967 1559 1098 1601; x_wconf 89' lang='lat' dir='ltr'><em>Recte</em></span> <span class='ocrx_word' id='word_1_55' title='bbox 1130 1558 1251 1601; x_wconf 81' lang='lat' dir='ltr'><em>facis.</em></span> 
     </span>
    </p>
   </div>
   <div class='ocr_carea' id='block_1_9' title="bbox 161 1653 1294 1781">
    <p class='ocr_par' dir='ltr' id='par_1_9' title="bbox 161 1653 1294 1781">
     <span class='ocr_line' id='line_1_19' title="bbox 783 1653 1038 1696; baseline -0.004 0"><span class='ocrx_word' id='word_1_56' title='bbox 783 1653 1038 1696; x_wconf 75' lang='lat' dir='ltr'><em>Callicles</em></span> 
     </span>
     <span class='ocr_line' id='line_1_20' title="bbox 161 1725 1294 1781; baseline 0.002 -15"><span class='ocrx_word' id='word_1_57' title='bbox 161 1725 267 1767; x_wconf 90' lang='lat' dir='ltr'><em>Num</em></span> <span class='ocrx_word' id='word_1_58' title='bbox 301 1726 417 1780; x_wconf 89' lang='lat' dir='ltr'><em>quid,</em></span> <span class='ocrx_word' id='word_1_59' title='bbox 451 1728 572 1781; x_wconf 84' lang='lat' dir='ltr'><em>prius</em></span> <span class='ocrx_word' id='word_1_60' title='bbox 605 1741 733 1780; x_wconf 87' lang='lat' dir='ltr'><em>quam</em></span> <span class='ocrx_word' id='word_1_61' title='bbox 766 1727 888 1777; x_wconf 78' lang='lat' dir='ltr'><em>abeo,</em></span> <span class='ocrx_word' id='word_1_62' title='bbox 919 1741 987 1768; x_wconf 93' lang='lat' dir='ltr'><em>me</em></span> <span class='ocrx_word' id='word_1_63' title='bbox 1018 1726 1294 1779; x_wconf 73' lang='lat' dir='ltr'><em>rogaturu&#39;s‘?</em></span> 
     </span>
    </p>
   </div>
   <div class='ocr_carea' id='block_1_10' title="bbox 158 1830 1652 2532">
    <p class='ocr_par' dir='ltr' id='par_1_10' title="bbox 158 1830 1652 2532">
     <span class='ocr_line' id='line_1_21' title="bbox 711 1830 1094 1883; baseline 0 -12"><span class='ocrx_word' id='word_1_64' title='bbox 711 1830 1094 1883; x_wconf 68' lang='lat' dir='ltr'><em>Meqaronicles</em></span> 
     </span>
     <span class='ocr_line' id='line_1_22' title="bbox 1345 1902 1464 1944; baseline -0.008 0"><span class='ocrx_word' id='word_1_65' title='bbox 1345 1902 1464 1944; x_wconf 87' lang='lat' dir='ltr'><em>Uale.</em></span> 
     </span>
     <span class='ocr_line' id='line_1_23' title="bbox 160 1970 1652 2027; baseline 0.005 -14"><span class='ocrx_word' id='word_1_66' title='bbox 160 1970 274 2013; x_wconf 86' lang='lat' dir='ltr'><em>Nihil</em></span> <span class='ocrx_word' id='word_1_67' title='bbox 306 1979 372 2014; x_wconf 89' lang='lat' dir='ltr'><em>est</em></span> <span class='ocrx_word' id='word_1_68' title='bbox 404 1973 598 2027; x_wconf 86' lang='lat' dir='ltr'><em>profecto</em></span> <span class='ocrx_word' id='word_1_69' title='bbox 631 1974 806 2015; x_wconf 83' lang='lat' dir='ltr'><em>stultius</em></span> <span class='ocrx_word' id='word_1_70' title='bbox 838 1987 978 2027; x_wconf 91' lang='lat' dir='ltr'><em>neque</em></span> <span class='ocrx_word' id='word_1_71' title='bbox 1011 1973 1212 2015; x_wconf 78' lang='lat' dir='ltr'>stolidius</span> <span class='ocrx_word' id='word_1_72' title='bbox 1585 1986 1652 2020; x_wconf 82' lang='lat'><em>200</em></span> 
     </span>
     <span class='ocr_line' id='line_1_24' title="bbox 158 2043 1428 2099; baseline 0.002 -14"><span class='ocrx_word' id='word_1_73' title='bbox 158 2043 306 2098; x_wconf 85' lang='lat' dir='ltr'><em>Neque</em></span> <span class='ocrx_word' id='word_1_74' title='bbox 340 2045 712 2099; x_wconf 83' lang='lat' dir='ltr'><em>mendaciloquius</em></span> <span class='ocrx_word' id='word_1_75' title='bbox 746 2060 885 2099; x_wconf 87' lang='lat' dir='ltr'><em>neque</em></span> <span class='ocrx_word' id='word_1_76' title='bbox 917 2045 1026 2087; x_wconf 82' lang='lat' dir='ltr'><em>adeo</em></span> <span class='ocrx_word' id='word_1_77' title='bbox 1059 2051 1259 2098; x_wconf 83' lang='lat' dir='ltr'><em>argutum</em></span> <span class='ocrx_word' id='word_1_78' title='bbox 1293 2048 1428 2099; x_wconf 80' lang='lat' dir='ltr'><em>magis</em></span> 
     </span>
     <span class='ocr_line' id='line_1_25' title="bbox 159 2113 1166 2173; baseline 0.002 -17"><span class='ocrx_word' id='word_1_79' title='bbox 159 2113 308 2170; x_wconf 86' lang='lat' dir='ltr'><em>Neque</em></span> <span class='ocrx_word' id='word_1_80' title='bbox 339 2117 746 2173; x_wconf 82' lang='lat' dir='ltr'><em>confidentiloquius</em></span> <span class='ocrx_word' id='word_1_81' title='bbox 778 2132 917 2172; x_wconf 86' lang='lat' dir='ltr'><em>neque</em></span> <span class='ocrx_word' id='word_1_82' title='bbox 951 2118 1166 2171; x_wconf 81' lang='lat' dir='ltr'><em>periurius</em></span> 
     </span>
     <span class='ocr_line' id='line_1_26' title="bbox 158 2187 1393 2244; baseline 0.002 -15"><span class='ocrx_word' id='word_1_83' title='bbox 158 2187 292 2238; x_wconf 84' lang='lat' dir='ltr'><em>Quam</em></span> <span class='ocrx_word' id='word_1_84' title='bbox 324 2189 477 2231; x_wconf 81' lang='lat' dir='ltr'><em>urbani</em></span> <span class='ocrx_word' id='word_1_85' title='bbox 508 2190 681 2232; x_wconf 84' lang='lat' dir='ltr'>adsidui</span> <span class='ocrx_word' id='word_1_86' title='bbox 713 2191 844 2241; x_wconf 87' lang='lat' dir='ltr'><em>ciues,</em></span> <span class='ocrx_word' id='word_1_87' title='bbox 875 2204 985 2244; x_wconf 89' lang='lat' dir='ltr'><em>quos</em></span> <span class='ocrx_word' id='word_1_88' title='bbox 1018 2203 1190 2232; x_wconf 84' lang='lat' dir='ltr'><em>scurras</em></span> <span class='ocrx_word' id='word_1_89' title='bbox 1222 2196 1393 2233; x_wconf 85' lang='lat' dir='ltr'><em>uocant.</em></span> 
     </span>
     <span class='ocr_line' id='line_1_27' title="bbox 159 2259 1463 2315; baseline 0.003 -14"><span class='ocrx_word' id='word_1_90' title='bbox 159 2259 297 2314; x_wconf 81' lang='lat' dir='ltr'><em>Atque</em></span> <span class='ocrx_word' id='word_1_91' title='bbox 329 2266 499 2315; x_wconf 81' lang='lat' dir='ltr'><em>egomet</em></span> <span class='ocrx_word' id='word_1_92' title='bbox 531 2277 596 2304; x_wconf 88' lang='lat' dir='ltr'><em>me</em></span> <span class='ocrx_word' id='word_1_93' title='bbox 629 2263 738 2304; x_wconf 86' lang='lat' dir='ltr'><em>adeo</em></span> <span class='ocrx_word' id='word_1_94' title='bbox 771 2276 866 2304; x_wconf 89' lang='lat' dir='ltr'><em>cum</em></span> <span class='ocrx_word' id='word_1_95' title='bbox 900 2262 985 2304; x_wconf 85' lang='lat' dir='ltr'><em>illis</em></span> <span class='ocrx_word' id='word_1_96' title='bbox 1016 2277 1103 2304; x_wconf 82' lang='lat' dir='ltr'><em>una</em></span> <span class='ocrx_word' id='word_1_97' title='bbox 1133 2262 1294 2305; x_wconf 88' lang='lat' dir='ltr'><em>ibidem</em></span> <span class='ocrx_word' id='word_1_98' title='bbox 1326 2264 1463 2314; x_wconf 83' lang='lat' dir='ltr'><em>traho,</em></span> 
     </span>
     <span class='ocr_line' id='line_1_28' title="bbox 159 2330 1649 2389; baseline 0.007 -17"><span class='ocrx_word' id='word_1_99' title='bbox 159 2330 239 2382; x_wconf 86' lang='lat' dir='ltr'><em>Qui</em></span> <span class='ocrx_word' id='word_1_100' title='bbox 270 2333 439 2375; x_wconf 84' lang='lat' dir='ltr'><em>illorum</em></span> <span class='ocrx_word' id='word_1_101' title='bbox 472 2334 616 2376; x_wconf 85' lang='lat' dir='ltr'><em>uerbis</em></span> <span class='ocrx_word' id='word_1_102' title='bbox 647 2335 770 2377; x_wconf 84' lang='lat' dir='ltr'><strong>falsis</strong></span> <span class='ocrx_word' id='word_1_103' title='bbox 804 2340 1008 2389; x_wconf 89' lang='lat' dir='ltr'><em>acceptor</em></span> <span class='ocrx_word' id='word_1_104' title='bbox 1038 2335 1113 2386; x_wconf 88' lang='lat' dir='ltr'><em>fui,</em></span> <span class='ocrx_word' id='word_1_105' title='bbox 1584 2350 1649 2382; x_wconf 84' lang='lat'><em>205</em></span> 
     </span>
     <span class='ocr_line' id='line_1_29' title="bbox 158 2398 1490 2460; baseline 0.002 -15"><span class='ocrx_word' id='word_1_106' title='bbox 158 2402 238 2454; x_wconf 87' lang='lat' dir='ltr'><em>Qui</em></span> <span class='ocrx_word' id='word_1_107' title='bbox 269 2406 413 2447; x_wconf 88' lang='lat' dir='ltr'><em>omnia</em></span> <span class='ocrx_word' id='word_1_108' title='bbox 443 2421 488 2447; x_wconf 83' lang='lat' dir='ltr'><em>se</em></span> <span class='ocrx_word' id='word_1_109' title='bbox 520 2407 727 2448; x_wconf 81' lang='lat' dir='ltr'><em>simulant</em></span> <span class='ocrx_word' id='word_1_110' title='bbox 759 2408 868 2449; x_wconf 85' lang='lat' dir='ltr'><em>scire</em></span> <span class='ocrx_word' id='word_1_111' title='bbox 900 2421 1039 2460; x_wconf 87' lang='lat' dir='ltr'><em>neque</em></span> <span class='ocrx_word' id='word_1_112' title='bbox 1073 2398 1303 2460; x_wconf 85' lang='lat' dir='ltr'><em>quicquam</em></span> <span class='ocrx_word' id='word_1_113' title='bbox 1336 2409 1490 2450; x_wconf 86' lang='lat' dir='ltr'><em>sciunt.</em></span> 
     </span>
     <span class='ocr_line' id='line_1_30' title="bbox 158 2474 1511 2532; baseline 0.004 -16"><span class='ocrx_word' id='word_1_114' title='bbox 158 2474 279 2525; x_wconf 85' lang='lat' dir='ltr'><em>Quod</em></span> <span class='ocrx_word' id='word_1_115' title='bbox 311 2478 495 2532; x_wconf 81' lang='lat' dir='ltr'><em>quisque</em></span> <span class='ocrx_word' id='word_1_116' title='bbox 527 2479 570 2520; x_wconf 91' lang='lat' dir='ltr'><em>in</em></span> <span class='ocrx_word' id='word_1_117' title='bbox 603 2480 745 2520; x_wconf 89' lang='lat' dir='ltr'><em>animo</em></span> <span class='ocrx_word' id='word_1_118' title='bbox 779 2478 912 2520; x_wconf 77' lang='lat' dir='ltr'><em>habet</em></span> <span class='ocrx_word' id='word_1_119' title='bbox 943 2485 1018 2520; x_wconf 88' lang='lat' dir='ltr'><em>aut</em></span> <span class='ocrx_word' id='word_1_120' title='bbox 1049 2479 1309 2530; x_wconf 41' lang='lat' dir='ltr'><em>habiturust:</em></span> <span class='ocrx_word' id='word_1_121' title='bbox 1346 2482 1511 2532; x_wconf 79' lang='lat' dir='ltr'><em>sciunt3</em></span> 
     </span>
    </p>
   </div>
   <div class='ocr_carea' id='block_1_11' title="bbox 158 2566 317 2574">
    <p class='ocr_par' dir='ltr' id='par_1_11' title="bbox 158 2566 317 2574">
     <span class='ocr_line' id='line_1_31' title="bbox 158 2566 317 2574; baseline 0 0"><span class='ocrx_word' id='word_1_122' title='bbox 158 2566 317 2574; x_wconf 95' lang='lat' dir='ltr'><em> </em></span> 
     </span>
    </p>
   </div>
   <div class='ocr_carea' id='block_1_12' title="bbox 321 2569 420 2575">
    <p class='ocr_par' dir='ltr' id='par_1_12' title="bbox 321 2569 420 2575">
     <span class='ocr_line' id='line_1_32' title="bbox 321 2569 420 2575; baseline 0 0"><span class='ocrx_word' id='word_1_123' title='bbox 321 2569 420 2575; x_wconf 95' lang='lat' dir='ltr'><em> </em></span> 
     </span>
    </p>
   </div>
   <div class='ocr_carea' id='block_1_13' title="bbox 155 2625 1650 2839">
    <p class='ocr_par' dir='ltr' id='par_1_13' title="bbox 155 2625 1650 2839">
     <span class='ocr_line' id='line_1_33' title="bbox 270 2625 1646 2670; baseline 0.005 -13"><span class='ocrx_word' id='word_1_124' title='bbox 270 2625 333 2658; x_wconf 83' lang='lat'><em>195</em></span> <span class='ocrx_word' id='word_1_125' title='bbox 358 2625 488 2670; x_wconf 81' lang='lat' dir='ltr'><em>recipit</em></span> <span class='ocrx_word' id='word_1_126' title='bbox 515 2626 546 2660; x_wconf 82' lang='lat' dir='ltr'><strong><em>A</em></strong></span> <span class='ocrx_word' id='word_1_127' title='bbox 647 2637 756 2670; x_wconf 81' lang='lat' dir='ltr'><em>quam</em></span> <span class='ocrx_word' id='word_1_128' title='bbox 783 2626 816 2659; x_wconf 88' lang='lat' dir='ltr'><em>B</em></span> <span class='ocrx_word' id='word_1_129' title='bbox 921 2627 982 2661; x_wconf 88' lang='grc'><em>196</em></span> <span class='ocrx_word' id='word_1_130' title='bbox 1009 2626 1157 2661; x_wconf 76' lang='lat' dir='ltr'><em>uolebat</em></span> <span class='ocrx_word' id='word_1_131' title='bbox 1180 2626 1227 2669; x_wconf 90' lang='lat' dir='ltr'><em>B,</em></span> <span class='ocrx_word' id='word_1_132' title='bbox 1254 2628 1429 2663; x_wconf 84' lang='lat' dir='ltr'><em>uolebatu</em></span> <span class='ocrx_word' id='word_1_133' title='bbox 1457 2629 1486 2664; x_wconf 86' lang='lat' dir='ltr'><em>C</em></span> <span class='ocrx_word' id='word_1_134' title='bbox 1584 2632 1646 2664; x_wconf 79' lang='lat'><em>197</em></span> 
     </span>
     <span class='ocr_line' id='line_1_34' title="bbox 156 2679 1650 2721; baseline 0.005 -8"><span class='ocrx_word' id='word_1_135' title='bbox 156 2679 302 2721; x_wconf 71' lang='lat' dir='ltr'><em>itautA,</em></span> <span class='ocrx_word' id='word_1_136' title='bbox 328 2682 378 2715; x_wconf 77' lang='lat' dir='ltr'><em>ita</em></span> <span class='ocrx_word' id='word_1_137' title='bbox 402 2693 440 2716; x_wconf 75' lang='lat' dir='ltr'><em>es</em></span> <span class='ocrx_word' id='word_1_138' title='bbox 457 2681 523 2717; x_wconf 87' lang='lat' dir='ltr'><em>BC</em></span> <span class='ocrx_word' id='word_1_139' title='bbox 599 2685 666 2716; x_wconf 82' lang='lat'><em>200</em></span> <span class='ocrx_word' id='word_1_140' title='bbox 691 2682 927 2717; x_wconf 83' lang='lat' dir='ltr'><em>stulticiusB</em></span> <span class='ocrx_word' id='word_1_141' title='bbox 1009 2683 1211 2718; x_wconf 75' lang='lat' dir='ltr'><em>stolidusA</em></span> <span class='ocrx_word' id='word_1_142' title='bbox 1289 2687 1352 2719; x_wconf 81' lang='lat'><em>201</em></span> <span class='ocrx_word' id='word_1_143' title='bbox 1381 2686 1473 2719; x_wconf 70' lang='lat' dir='ltr'><em>adeo</em></span> <span class='ocrx_word' id='word_1_144' title='bbox 1499 2697 1556 2721; x_wconf 83' lang='lat' dir='ltr'><em>om</em></span> <span class='ocrx_word' id='word_1_145' title='bbox 1581 2686 1650 2721; x_wconf 77' lang='grc' dir='ltr'><em>ΒΟ</em></span> 
     </span>
     <span class='ocr_line' id='line_1_35' title="bbox 156 2737 1648 2787; baseline 0.005 -17"><span class='ocrx_word' id='word_1_146' title='bbox 156 2737 221 2770; x_wconf 76' lang='lat'><em>202</em></span> <span class='ocrx_word' id='word_1_147' title='bbox 243 2738 422 2782; x_wconf 78' lang='lat' dir='ltr'><em>peiiurius</em></span> <span class='ocrx_word' id='word_1_148' title='bbox 447 2739 480 2773; x_wconf 68' lang='lat' dir='ltr'><em>A</em></span> <span class='ocrx_word' id='word_1_149' title='bbox 592 2740 658 2773; x_wconf 84' lang='lat'><em>203</em></span> <span class='ocrx_word' id='word_1_150' title='bbox 684 2751 755 2783; x_wconf 80' lang='lat' dir='ltr'><em>quo</em></span> <span class='ocrx_word' id='word_1_151' title='bbox 782 2739 815 2773; x_wconf 79' lang='lat' dir='ltr'><em>A</em></span> <span class='ocrx_word' id='word_1_152' title='bbox 929 2741 995 2774; x_wconf 82' lang='lat'><em>206</em></span> <span class='ocrx_word' id='word_1_153' title='bbox 1021 2741 1227 2785; x_wconf 73' lang='lat' dir='ltr'><em>nequicqua</em></span> <span class='ocrx_word' id='word_1_154' title='bbox 1252 2742 1296 2785; x_wconf 87' lang='lat' dir='ltr'><em>B,</em></span> <span class='ocrx_word' id='word_1_155' title='bbox 1323 2743 1592 2787; x_wconf 79' lang='lat' dir='ltr'><em>necquicquam</em></span> <span class='ocrx_word' id='word_1_156' title='bbox 1620 2743 1648 2777; x_wconf 86' lang='lat' dir='ltr'><em>C</em></span> 
     </span>
     <span class='ocr_line' id='line_1_36' title="bbox 155 2792 801 2839; baseline 0.005 -12"><span class='ocrx_word' id='word_1_157' title='bbox 155 2792 220 2827; x_wconf 73' lang='lat'><em>207</em></span> <span class='ocrx_word' id='word_1_158' title='bbox 242 2792 449 2830; x_wconf 75' lang='lat' dir='ltr'><em>habitui-usi</em></span> <span class='ocrx_word' id='word_1_159' title='bbox 473 2795 520 2839; x_wconf 89' lang='lat' dir='ltr'><em>B,</em></span> <span class='ocrx_word' id='word_1_160' title='bbox 545 2796 745 2830; x_wconf 77' lang='lat' dir='ltr'><em>habitaturi</em></span> <span class='ocrx_word' id='word_1_161' title='bbox 772 2795 801 2831; x_wconf 88' lang='lat' dir='ltr'><em>C</em></span> 
     </span>
    </p>
   </div>
  </div>
 </body>
</html>
