2009 3218
380 230 431 266 50
1057 218 1180 253 Plauti
1545 214 1609 259 IV,
1634 217 1664 258 3,
1690 216 1813 259 73-4‚
1839 217 1859 250 3

1016 344 1232 385 Toxilus

583 420 733 472 Aequa
764 418 882 459 dic-is.
945 416 1029 458 Sed
1060 421 1249 470 optume,
1281 427 1443 463 eccum,
1474 414 1565 467 ipse
1598 412 1776 454 aduenit
1800 424 1866 457 540

381 492 547 545 Hospes
578 490 664 541 ille,
696 490 775 548 qui,
801 488 880 530 has
912 488 1097 530 tabellas
1129 487 1289 528 attulit.

992 581 1261 623 Dordalus

1337 651 1489 693 Hicine
1522 650 1616 692 est‘?

1018 725 1121 766 Tooe
1134 725 1146 764 i
1158 724 1172 765 l
1183 737 1212 765 u
1224 737 1244 764 s

1677 776 1758 819 Hic
1789 781 1868 819 est.

993 852 1263 895 Dordalus

386 927 572 969 Haecine
605 927 680 968 illa
712 932 778 968 est
809 926 976 968 furtiua
1007 924 1159 977 uirgo?

1023 1018 1243 1060 Toxilus

1219 1089 1344 1130 quta
1374 1092 1517 1130 tecum
1548 1101 1686 1141 aeque
1719 1087 1820 1138 scio,

382 1165 474 1207 Nisi
507 1166 609 1219 quia.
639 1165 781 1218 specie
813 1164 985 1218 quidem
1021 1161 1173 1216 edepol
1205 1160 1374 1202 liberali
1407 1164 1484 1209 est,
1516 1160 1714 1213 quisquis
1746 1162 1822 1200 est.

996 1255 1268 1298 Dordalus

387 1331 463 1373 Sat
495 1331 648 1385 edepol
681 1331 890 1372 concinna
922 1332 989 1371 est
1017 1328 1139 1370 facie.

1023 1422 1238 1464 Toxilus

1162 1493 1215 1536 Ut
1247 1492 1525 1545 contemptim
1559 1490 1781 1532 carnufex!

388 1570 529 1611 Taciti
563 1567 907 1621 contemplemur
937 1566 1132 1608 formam.

995 1659 1266 1701 Dordalus

1181 1730 1330 1772 Laudo
1362 1727 1588 1772 consilium
1619 1733 1752 1770 tuum.
1809 1739 1875 1773 545

456 1947 824 1992 SAGARISTIO
892 1946 1086 1990 UIRGO
1149 1944 1423 1988 TOXILUS
1481 1943 1823 1988 DORDALUS

972 2061 1286 2113 Saglcaeristz'o

391 2136 511 2177 Satin
544 2134 737 2177 Athenae
770 2134 848 2175 tibi
879 2137 978 2175 sunt
1007 2134 1128 2174 uisae
1160 2132 1408 2174 fortunatae
1440 2137 1571 2185 atque
1604 2132 1842 2185 opiparae‘?

1058 2226 1098 2269 U
1107 2228 1219 2280 essryo

391 2301 522 2344 Urbis
555 2302 740 2354 speciem
771 2300 876 2350 uidi,
908 2299 1129 2341 hominum
1161 2312 1302 2341 mores
1332 2298 1531 2352 perspexi
1563 2311 1729 2351 parum.

1026 2393 1250 2435 Toxilus

391 2467 502 2508 Num
536 2467 639 2521 quid
672 2467 882 2520 principio
915 2466 1104 2507 cessauit
1134 2465 1315 2507 uerbum
1348 2465 1472 2507 docte
1505 2463 1678 2506 dicere?

504 2627 571 2658 540
595 2625 712 2659 adunt
734 2624 781 2666 B,
807 2624 948 2658 addunt
974 2624 1002 2658 C
1114 2624 1177 2657 541
1204 2623 1348 2658 hiccine
1375 2622 1442 2657 BC
1556 2623 1622 2657 542
1648 2621 1787 2656 Hecine
1813 2620 1883 2656 Bc

507 2683 581 2715 scio
608 2693 699 2725 eque
726 2681 759 2715 Β
862 2681 928 2715 543
955 2681 1016 2724 qui
1042 2681 1165 2724 aspexi
1192 2680 1359 2723 equidem
1388 2679 1415 2714 C
1512 2678 1696 2713 liberalist
1720 2679 1759 2721 B,
1786 2678 1876 2713 libe-

395 2739 518 2772 ralisst
546 2738 575 2772 C
652 2749 688 2771 es
783 2739 848 2771 544
873 2737 1071 2771 concinnas
1099 2737 1191 2770 facie
1273 2737 1338 2771 546
1364 2740 1448 2770 sunt
1473 2746 1538 2770 om.
1624 2736 1690 2769 547
1715 2734 1875 2779 speclem

519 2795 711 2839 prospexi⁴
792 2795 857 2827 547
883 2793 1067 2837 Numquid
1092 2794 1129 2827 in
1156 2793 1339 2838 principio
