2009 3218
361 248 413 285 24
1041 242 1162 275 Plauti
1576 242 1626 285 Π,
1652 243 1681 284 2,
1707 243 1842 276 41-45

959 366 1245 419 Pacynium

360 441 444 481 Par
478 440 569 493 pari
601 439 837 492 respondes
869 439 997 481 dicto.
1062 439 1140 480 Abi
1171 440 1270 487 iam,
1303 438 1474 492 quando
1507 439 1567 479 ita
1599 443 1718 480 certa
1743 443 1844 481 rest.

359 511 494 552 Nihili
524 511 636 552 facio
669 511 792 552 scire.
853 510 1024 552 Ualeas.

903 596 1305 648 Sophoclidisca

908 702 914 708 .
987 667 1133 709 Adsta.

961 754 1241 807 Paeym'am

1104 827 1160 867 At
1191 840 1407 880 propero:

903 913 1303 965 Sophoclidisca

1342 985 1396 1025 Et
1427 986 1500 1038 pol
1533 999 1610 1039 ego
1642 987 1753 1027 item.
1781 997 1847 1031 225

960 1055 1243 1109 Paeynium

360 1113 525 1167 Ecquid
558 1114 720 1155 habes?

902 1184 1307 1236 Sophoclidisca

644 1257 810 1310 Ecquid
841 1257 920 1298 tu?

959 1328 1246 1382 Paegnium

832 1400 947 1441 Nihil
983 1400 1192 1454 equidem.

902 1486 1305 1539 Sophoclidisca

1060 1556 1174 1599 Cedo
1208 1572 1380 1600 manum
1413 1572 1526 1611 ergo.

932 1645 1215 1698 Paconium

1365 1717 1496 1759 Estne
1528 1718 1635 1760 haec
1665 1719 1848 1761 manus?

902 1788 1309 1840 Sophoclidisca

365 1862 444 1904 Ubi
478 1862 554 1903 illa
586 1862 724 1903 altera
756 1865 820 1903 est
850 1860 1038 1902 furtifica
1070 1861 1226 1902 laeua?

963 1948 1245 1999 Paconium

1035 2020 1154 2060 Domi
1188 2033 1355 2072 eceam3
1388 2020 1470 2062 huc
1502 2020 1664 2061 nullam
1695 2020 1846 2062 adtuli.

907 2106 1309 2158 Sophoclidisca

367 2178 508 2220 Habes
540 2180 682 2220 nescio
715 2179 831 2233 quid.

966 2250 1246 2303 Pacyiiium

839 2322 901 2363 Ne
934 2337 998 2362 nie
1031 2322 1238 2371 adtmota,
1270 2322 1558 2375 subigitatrix.

905 2408 1310 2460 Sopliocliaisca

1542 2480 1615 2522 Sin
1646 2486 1688 2522 te
1720 2480 1849 2522 amo?

478 2640 544 2672 224
569 2638 708 2680 Parpiri
735 2638 770 2672 B
865 2639 977 2673 dicito
1005 2638 1033 2672 C
1131 2639 1249 2673 abiam
1275 2638 1309 2673 Β
1403 2649 1459 2672 res
1486 2642 1543 2672 est
1635 2639 1700 2672 225
1725 2637 1848 2672 Nihilo

481 2695 580 2728 uleas
606 2693 641 2728 Β
735 2706 914 2738 apropera
938 2695 973 2728 B
1130 2696 1180 2730 ite
1206 2695 1253 2736 B,
1281 2696 1334 2729 ire
1361 2693 1390 2730 G
1544 2694 1609 2727 226
1635 2698 1671 2728 et
1695 2694 1782 2738 quid
1808 2698 1846 2728 tu

367 2753 431 2785 227
458 2750 540 2785 Uibi
566 2749 601 2784 Β
717 2752 805 2784 atuli
832 2751 867 2785 Β
983 2752 1048 2785 228
1074 2751 1254 2785 Habescio
1279 2750 1314 2784 B
1428 2750 1651 2794 sibigitatrix
1676 2750 1721 2794 B,
1748 2751 1846 2784 subi-

368 2807 488 2850 gatrix
514 2804 542 2840 C
