2009 3218
806 203 846 237 V.
874 205 1063 239 353—403.
1599 207 1679 246 633

197 327 376 368 ...noui
407 328 558 379 neyotz'.
600 344 700 369 novo
741 330 986 369 substantivo
1028 334 1065 369 in
1104 335 1299 372 sententia
1338 334 1502 371 relativa
1539 335 1680 384 posito,

196 411 230 434 v.
264 397 311 434 ad
345 411 378 434 v.
411 399 447 435 9.
509 397 722 436 Schoellius
753 402 792 436 et
827 398 976 444 ..Quid“
1013 402 1171 451 scripsit
1201 406 1240 438 et
1271 415 1426 439 versum
1458 406 1549 440 ant-e
1578 402 1682 439 hunc

196 464 384 502 excidisse
415 466 582 515 putavit.
645 462 710 503 hic
740 475 802 503 me
831 461 997 504 absente
1020 467 1155 506 Lamb.
1185 488 1238 494 —
1272 471 1347 507 381
1376 471 1539 507 accessit
1563 482 1609 506 ex
1633 470 1677 506 A.

199 532 342 579 „aucta
374 527 523 580 liberis,
556 533 675 572 dictio
706 534 904 572 sollemnis
936 535 1051 572 etiam
1085 537 1131 572 de
1156 549 1232 573 uno
1258 537 1351 583 filio,
1384 537 1430 574 cf.
1461 535 1580 575 5ll“.
1612 536 1678 587 Sp.

195 619 249 625 —
283 601 374 638 382.
406 595 504 638 bene
528 599 778 650 prouenisti,
822 601 867 639 cf.
904 603 995 639 511.
1044 602 1164 641 Stich.
1199 606 1292 642 399.
1325 624 1374 630 —-
1414 600 1604 653 {Jratulor
1633 605 1679 650 A,

193 672 236 705 ut
263 668 356 706 512.
391 688 440 693 —
476 669 667 706 383—84
700 671 872 707 servavit
898 671 944 706 A.
1001 672 1214 718 superstes
1245 674 1406 722 propria
1435 674 1485 718 vi,
1517 686 1553 710 v.
1574 672 1677 710 Fest.

193 749 231 786 p.
267 737 369 774 305:
412 735 678 786 „Superstites
710 742 830 775 testes
861 741 1073 787 praesentes
1105 738 1307 788 significat,
1339 741 1447 778 cuius
1477 741 1534 778 rei
1565 742 1677 778 testi—

194 805 367 841 monium
400 808 472 851 est,
505 804 606 853 quod
632 804 908 855 superstitibus
932 805 1193 855 praesentibus
1218 803 1284 854 (cf.
1303 806 1380 844 Cic.
1399 808 1500 845 Mur.
1524 810 1586 854 12,
1609 809 1680 854 26)

194 872 232 917 ii,
260 872 363 909 inter
388 884 484 920 quos
509 862 873 915 controversiaest,
899 873 1089 911 vindicias
1105 887 1257 912 sumere
1276 875 1469 913 iubentur.
1516 876 1680 913 Plautus

193 940 231 976 in
261 939 495 976 Artemone:
543 939 653 976 Nunc
691 939 783 976 mihi
822 940 914 978 licet
952 941 1110 990 quiduis
1147 942 1274 991 loqui3
1322 956 1435 980 nemo
1474 942 1536 980 hic
1567 943 1680 980 adest.

194 1004 434 1057 superstes“.
468 1026 520 1032 --
555 1007 645 1045 385.
677 1012 839 1055 semper
867 1018 1026 1056 summa
1058 1006 1218 1048 credidi
1248 1011 1292 1047 A.
1325 1030 1380 1035 —
1421 1012 1511 1049 386.
1550 1021 1681 1060 neque

195 1079 234 1112 et
263 1085 394 1124 neque
422 1084 630 1123 praefflzas
652 1077 697 1114 A.
723 1096 776 1100 —
805 1078 896 1114 387.
929 1073 1208 1116 aclsz'mulasse
1237 1088 1300 1115 me
1331 1087 1418 1116 esse
1440 1083 1479 1115 et
1502 1088 1606 1128 ozeyo
1632 1080 1678 1117 A.

192 1162 245 1167 —
280 1143 370 1180 388.
408 1139 534 1191 Quem
557 1143 732 1191 propter
762 1144 886 1193 Bugg.
920 1146 1020 1183 Ann.
1052 1145 1148 1195 phil.
1182 1145 1285 1183 CVII
1315 1159 1354 1196 p.
1381 1147 1475 1183 409.
1504 1167 1557 1172 —
1585 1148 1677 1186 390.

193 1220 300 1248 anno
317 1210 485 1259 Lipsius,
517 1212 541 1248 i.
560 1224 590 1246 e.
608 1215 696 1248 ante
724 1225 876 1259 annum,
910 1226 945 1250 v.
971 1212 1020 1249 ad
1047 1213 1147 1250 Men.
1179 1214 1271 1252 203.
1301 1234 1347 1239 -
1381 1224 1605 1264 senseram,
1631 1217 1677 1253 cf.

195 1278 269 1314 131
295 1276 513 1324 ,‚dixeras“.
531 1298 584 1303 —
605 1280 696 1317 391.
729 1276 847 1325 istuc,
877 1276 976 1330 quoi
997 1277 1060 1318 rei
1081 1280 1290 1330 iungenda,
1317 1281 1364 1319 cf.
1385 1283 1420 1320 9.
1470 1282 1526 1319 De
1545 1283 1679 1321 dativo

188 1344 239 1382 cf.
264 1345 372 1382 Pers.
402 1346 495 1382 427.
523 1365 576 1371 —-
603 1348 695 1384 392.
728 1343 901 1396 laqueus
925 1347 1030 1385 Cam.
1101 1349 1392 1399 ,‚laqueusque“
1423 1350 1540 1399 Seyff.
1566 1350 1676 1388 Stud.

190 1426 227 1462 p.
256 1413 320 1458 28,
353 1413 399 1450 cf.
429 1413 476 1450 ad
502 1415 643 1464 Amph.
664 1418 699 1452 5.
720 1435 773 1441 —
795 1412 1132 1462 „redimiculum‘³
1154 1418 1209 1454 ait
1225 1417 1330 1455 Fest.
1348 1431 1386 1467 p.
1415 1418 1492 1455 273
1514 1423 1681 1464 „vocant

191 1481 372 1518 mulieres
403 1482 595 1528 catellam,
627 1496 704 1532 qua
735 1486 899 1521 maxime
933 1489 1098 1521 utuntur
1128 1491 1288 1522 ornatus
1323 1484 1478 1522 causa“.
1504 1505 1559 1511 —
1585 1487 1677 1524 393.

193 1544 494 1587 Reaorsionem
525 1545 691 1598 faceret,
725 1552 772 1589 cf.
797 1552 935 1589 Bacch.
965 1553 1057 1590 293.
1085 1571 1139 1577 —
1166 1554 1256 1590 395.
1282 1550 1509 1600 penderem
1533 1554 1593 1592 ed.
1618 1568 1678 1602 pr.

190 1636 246 1641 —
279 1618 370 1654 396.
404 1614 450 1655 sid
478 1628 562 1656 non
592 1629 779 1657 necarem
810 1620 908 1665 Sch.,
943 1620 988 1657 cf.
1023 1621 1112 1658 199.
1167 1619 1314 1658 Camer.
1354 1621 1416 1664 „id
1448 1620 1677 1659 educarem“

192 1686 413 1735 scripserat.
462 1696 508 1724 ae
535 1687 701 1736 probum
727 1691 796 1733 est,
824 1702 858 1725 v.
886 1688 933 1724 ad
958 1687 1042 1725 Mil.
1069 1689 1161 1734 450,
1194 1702 1242 1725 ne
1268 1701 1351 1726 cum
1370 1688 1562 1727 Schoellio
1588 1690 1676 1737 „at“

191 1757 258 1790 aut
285 1750 393 1800 „ast“
414 1755 574 1792 scribas.
601 1774 654 1779 -—
683 1756 776 1793 397.
810 1751 933 1793 Bona
958 1765 1034 1793 sua
1059 1765 1122 1793 me
1138 1755 1264 1802 Cam.3
1293 1754 1432 1803 „med“
1454 1754 1678 1804 Buecheler,

189 1821 319 1859 hiatus
343 1835 475 1869 causa3
510 1834 580 1869 ego
607 1836 690 1860 cum
717 1823 783 1873 Sp.
809 1832 895 1861 esse
918 1825 1154 1872 transposui.
1190 1843 1233 1848 -—
1274 1820 1508 1863 habituram
1531 1824 1677 1875 Gepp.;

190 1902 315 1938 neque
355 1892 458 1927 eni'm
489 1889 614 1927 Gellio
646 1890 684 1936 I,
728 1892 749 1927 7
782 1891 917 1935 credo.
964 1893 1140 1941 quamvis
1185 1893 1345 1929 credant
1384 1898 1423 1928 et
1463 1892 1679 1930 Buecheler

190 1958 289 1995 Ann.
323 1956 386 1995 CV
427 1971 464 2006 p.
500 1959 576 1997 571
619 1965 657 1995 et
695 1959 880 1996 Hertzius
912 1959 1027 1996 Vind.
1062 1959 1128 1996 alt.
1171 1960 1266 1996 Gell.
1309 1973 1347 2009 p.
1384 1962 1446 1998 13.
1486 1981 1541 1985 —
1584 1963 1676 2002 398.

195 2022 306 2073 Quid
335 2022 510 2076 denique
541 2022 696 2075 ayz'tis?
727 2028 772 2064 cf.
807 2027 943 2065 Bacch.
979 2029 1073 2066 291.
1112 2047 1157 2052 —
1193 2023 1346 2073 Mater,
1380 2042 1475 2074 mea,
1508 2029 1554 2066 cf.
1583 2030 1676 2068 466.

188 2112 244 2117 —
284 2094 379 2132 400.
421 2090 564 2132 Aliam
601 2090 800 2133 aliorsum
839 2095 899 2133 ed.
939 2108 998 2144 pr.
1048 2114 1094 2121 -
1135 2092 1461 2143 praemandare,
1508 2101 1597 2133 aute
1636 2097 1676 2134 id

188 2165 359 2211 tempus,
392 2175 469 2211 quo
500 2175 596 2211 opus
622 2176 664 2200 re
690 2168 761 2209 est,
795 2163 977 2200 mandare
1004 2168 1046 2200 ut
1069 2167 1245 2212 paretur,
1276 2164 1322 2202 cf.
1342 2162 1419 2201 Cic.
1439 2164 1486 2200 ad
1503 2163 1612 2202 Fam.
1630 2164 1676 2211 V,

191 2229 226 2275 9,
262 2229 296 2266 2.
343 2229 474 2267 Plane.
511 2231 572 2276 12,
608 2232 671 2268 31.
703 2250 756 2256 —-
789 2232 884 2268 401.
916 2231 1174 2279 supponatur
1203 2231 1313 2268 Acid.
1347 2251 1401 2256 —
1438 2232 1534 2271 402.
1570 2228 1680 2281 Quid

191 2296 249 2333 ed.
269 2309 328 2346 pr.
362 2316 414 2322 —
447 2294 716 2345 mustacem,
751 2299 796 2336 cf.
819 2300 909 2337 702.
931 2300 1022 2336 846.
1087 2295 1248 2348 Syram.
1281 2300 1481 2348 antiquam
1512 2300 1676 2337 formam

193 2363 379 2409 „Suram“
415 2365 527 2403 codd.
559 2367 805 2403 retinuerunt
844 2369 960 2404 etiam
995 2369 1071 2405 525
1113 2370 1153 2404 et
1193 2368 1285 2405 536.
1373 2366 1459 2405 Non
1498 2381 1676 2418 personae

187 2443 346 2478 nomen,
394 2432 462 2469 sed
493 2435 666 2471 nationis
706 2438 776 2472 est.
852 2434 1002 2471 Nomen
1041 2435 1123 2471 eius
1153 2434 1324 2472 Archilis
1361 2434 1481 2472 fuisse
1518 2435 1676 2472 videtur

189 2513 223 2536 v.
260 2500 349 2537 128.
382 2519 435 2525 —
479 2502 573 2538 403.
612 2497 819 2539 AVouiStin
850 2502 914 2551 Sp.
948 2502 1114 2552 Reliqua
1150 2505 1256 2540 viros
1287 2502 1424 2540 doctos
1456 2504 1565 2540 varie
1595 2507 1675 2541 tor·

187 2572 334 2605 serunt.
397 2567 540 2618 Speng.
583 2570 828 2619 antiquiores
869 2575 1042 2607 secutus:
1093 2574 1271 2617 „nostras
1303 2583 1402 2619 quae
1433 2583 1524 2620 erga
1566 2571 1676 2608 aedis

187 2634 347 2682 habet“,
394 2637 419 2672 i.
453 2649 484 2672 e.
528 2637 698 2683 habitat3
744 2636 811 2673 sed
856 2636 998 2687 .,erga“
1041 2651 1114 2688 pro
1158 2651 1201 2684 „e
1241 2635 1424 2687 regione“
1468 2639 1558 2686 poni
1597 2651 1674 2675 non

187 2713 300 2751 posse
345 2703 623 2741 animadvertit
662 2704 850 2743 Fleckeis.
890 2707 990 2742 Ann.
1033 2705 1061 2744 G
1098 2720 1135 2756 p.
1177 2707 1276 2752 616,
1331 2708 1414 2755 ipse
1461 2707 1673 2743 coniciens:

193 2781 318 2817 „quae
350 2782 409 2807 me
442 2783 534 2820 erga
565 2774 736 2810 animata
776 2779 835 2809 est
872 2773 1008 2810 bene“.
1071 2773 1176 2812 Sch.:
1229 2786 1352 2822 „quae
1391 2776 1513 2821 mergi
1555 2775 1673 2810 aciem
