2009 3218
723 183 764 216 V.
790 185 979 220 705—732.
1522 188 1544 226 5
1551 189 1572 226 5
1579 188 1601 226 5

115 313 333 365 cuppediae,
380 326 415 350 v.
455 311 563 349 Neue
607 311 807 348 Formenl.
839 311 857 348 1
895 326 933 362 p.
975 313 1068 351 463.
1153 309 1261 351 Tene
1301 322 1469 363 aquam3
1514 326 1603 351 nam

113 383 242 420 vinum
272 379 402 426 habes,
436 391 471 415 v.
493 381 585 416 711.
616 397 669 403 -
706 379 797 416 714.
830 379 892 416 Ad
923 380 1121 418 tibicinem
1153 395 1193 418 se
1225 382 1429 420 convertit.
1494 381 1602 429 „Age

115 449 147 487 si
176 446 271 498 quid
303 443 410 494 agis“
446 450 616 484 metrum
646 447 829 493 turbant3
862 447 906 484 R.
940 461 986 485 ex
1016 461 1052 486 v.
1080 450 1158 486 716
1191 449 1396 498 irrepsisse
1426 452 1606 486 statuens

120 515 232 565 „bibe
262 517 295 552 si
325 511 454 552 bibis“
488 515 677 564 reposuit,
711 528 802 563 ego:
838 510 914 552 tibi
945 512 1048 553 dico.
1082 535 1137 541 —
1169 518 1261 554 716.
1304 516 1491 554 Extrema
1522 530 1604 555 cor-

114 587 230 633 rupta
256 585 357 630 sunt,
390 596 478 620 nam
508 583 595 632 quis
620 583 720 620 feret
739 582 921 620 Lambini
946 583 1268 633 explicationem:
1315 584 1400 622 Hoc
1423 585 1605 634 poculum

113 651 259 693 nullum
290 651 461 699 vectigal
490 647 736 701 pensitabit‘?
794 651 996 689 Acidalius
1029 653 1147 688 coni-t
1199 665 1299 697 „non
1329 652 1496 702 impedit
1532 652 1604 690 hoc

112 718 352 772 publicum“,
391 723 435 756 ut
471 719 648 765 videtur,
695 718 919 770 reipublicae
956 720 1017 756 ius
1059 720 1298 769 intelligens.
1373 720 1439 758 R.:
1491 734 1604 767 „nam

112 787 185 826 hoc
214 787 405 837 impendit
435 785 689 838 publicum“,
734 801 821 837 quae
858 789 1148 836 interpretatus
1184 800 1261 825 non
1303 793 1379 835 est3
1427 790 1605 838 suspicor

112 868 194 893 eum
227 855 419 893 voluisse:
451 869 542 893 nam
575 868 621 892 ex
652 857 795 893 aerario
827 855 943 892 huius
973 857 1031 892 rei
1063 856 1241 905 impensa
1267 855 1322 893 fit.
1384 856 1483 894 Mihi
1513 857 1604 894 olim

111 925 151 962 iu
194 928 364 961 mentem
411 925 540 961 venit:
592 937 694 971 „non
741 923 914 961 offendet
950 922 1190 973 publicum“,
1239 936 1290 960 sc.
1324 937 1498 972 servum,
1545 926 1606 961 τὸν

111 992 298 1041 δημόσιον,
339 992 405 1041 qui
444 992 567 1029 aedilis
606 991 793 1030 mandatu
823 1004 961 1042 parum
993 991 1222 1028 obedientes
1255 996 1428 1039 coercet,
1475 992 1521 1030 cf.
1555 993 1605 1030 ad

42 1071 43 1081 ¹
114 1061 225 1098 Truc.
261 1061 352 1099 552.
414 1058 552 1097 Omnia
582 1061 697 1097 nimis
729 1061 891 1097 incerta.
923 1079 978 1084 —
1010 1061 1104 1097 717.
1135 1055 1268 1098 Haud
1297 1058 1525 1098 saracenus.
1551 1080 1603 1085 —

111 1124 250 1167 uereri
282 1129 329 1174 te,
361 1141 396 1165 v.
430 1127 480 1164 ad
511 1128 632 1166 Poen.
668 1129 760 1166 963.
792 1148 848 1153 —
880 1128 972 1166 718.
1014 1123 1082 1165 uel
1112 1137 1184 1177 eqo
1217 1123 1320 1166 dabo
1352 1127 1397 1165 R.
1459 1128 1604 1178 Sanga-

111 1198 192 1234 rius
216 1196 373 1234 modum
399 1209 434 1233 v.
462 1196 540 1233 705
566 1197 837 1246 praescriptum
863 1209 941 1234 non
968 1197 1152 1242 servavit,
1185 1196 1254 1233 sed
1279 1197 1414 1246 plures
1445 1196 1605 1245 cyathos

112 1263 268 1302 infudit.
308 1283 361 1289 -
406 1265 498 1301 719.
528 1274 707 1312 prosum
739 1261 814 1302 hoc
845 1259 1000 1302 ebibere
1031 1264 1212 1302 Mueller.
1246 1264 1343 1302 duce
1374 1264 1604 1304 Ritschelio.

113 1331 169 1370 De
204 1333 331 1370 forma
362 1341 540 1380 prosum
578 1346 650 1382 pro
692 1345 875 1382 prorsum
913 1346 949 1370 v.
981 1322 1102 1377 Neue,
1135 1332 1331 1371 Formenl.
1363 1333 1400 1370 Il
1436 1346 1474 1383 p.
1510 1334 1603 1372 638.

114 1418 161 1425 -
208 1396 316 1438 melli
354 1397 431 1447 rei,
479 1401 527 1438 ad
567 1401 713 1438 nullam
751 1414 833 1438 rem
872 1401 1011 1447 utiles,
1057 1401 1182 1438 nihili.
1225 1421 1279 1426 —
1327 1402 1419 1439 720.
1467 1411 1604 1451 quam-

39 1517 47 1522 ·
110 1465 178 1507 uis
215 1465 400 1506 desubito
440 1469 527 1506 edd.
568 1489 624 1493 -—
660 1466 795 1516 vorti,
837 1469 884 1506 cf.
916 1469 1000 1506 Mil.
1036 1470 1114 1507 848
1148 1483 1232 1519 sqq.
1302 1469 1396 1506 Hor.
1431 1470 1503 1508 Od.
1535 1470 1603 1517 III,

114 1537 178 1583 29,
211 1538 253 1574 2;
290 1550 392 1584 „uon
424 1541 513 1574 ante
544 1551 657 1575 verso
689 1538 775 1574 lene
807 1550 955 1574 merum
989 1535 1125 1575 cad0“.
1159 1557 1213 1563 -
1250 1538 1312 1575 Ad
1342 1537 1424 1575 haec
1455 1537 1600 1586 Sanga-

111 1607 190 1642 rius
220 1618 255 1642 v.
292 1607 370 1642 724
402 1605 625 1655 respondet.
699 1605 790 1651 Quae
821 1605 1084 1652 intercedunt,
1118 1605 1271 1643 tibicini
1304 1606 1503 1652 dicuntur,
1536 1607 1603 1656 qui

113 1687 229 1724 quum
276 1687 323 1710 ex
360 1674 521 1711 tibicine
560 1675 725 1711 conviva
764 1673 889 1711 factus
929 1674 1094 1711 canendi
1132 1675 1249 1711 ferias
1289 1678 1397 1724 agat,
1445 1674 1602 1712 Stichus

112 1754 197 1779 eum
230 1741 357 1779 denuo
388 1743 560 1793 incipere
591 1741 713 1779 iubet.
779 1738 890 1790 Quid
919 1737 1088 1791 affl'tur?
1117 1743 1142 1779 i.
1175 1756 1206 1780 e.
1240 1743 1334 1792 quid
1366 1742 1476 1791 agis‘?
1507 1743 1603 1792 quid

110 1807 173 1856 fit,
214 1809 260 1847 cf.
293 1809 343 1847 ad
375 1810 482 1847 Pers.
520 1812 582 1848 17.
652 1810 698 1847 R.
731 1823 815 1847 cum
849 1809 1061 1847 saraceno:
1113 1810 1239 1857 „Quid
1278 1808 1453 1860 igitur‘?“
1488 1815 1532 1848 ut
1562 1813 1602 1848 in

111 1879 344 1928 repetitione
368 1879 484 1916 huius
509 1891 645 1916 versus
671 1882 761 1927 post
787 1878 886 1925 764;
920 1879 988 1916 sed
1011 1879 1118 1916 nullo
1144 1891 1248 1916 nexu
1279 1878 1360 1915 haec
1384 1892 1470 1916 cum
1496 1883 1601 1916 ante-

113 1945 341 1984 cedentibus
365 1947 595 1995 iunguntur,
621 1950 672 1993 et,
699 1947 801 1996 quod
828 1946 1018 1994 Sangario
1043 1946 1145 1985 hunc
1168 1959 1382 1984 sermonem
1407 1947 1600 1995 tribuunt,

109 2014 311 2064 yrauatus
356 2014 513 2052 Stichus
560 2014 716 2064 quidem
763 2028 954 2064 nusquam
1001 2018 1076 2062 est;
1130 2016 1276 2053 tibicen
1320 2019 1518 2065 gravatur,
1566 2030 1601 2054 v.

39 2112 42 2114 ,
112 2083 192 2120 714
223 2096 308 2132 sqq.
351 2103 407 2108 —
453 2084 531 2121 722
573 2082 688 2120 affert
719 2083 867 2121 Nonius
905 2096 943 2132 p.
979 2084 1071 2120 210.
1111 2103 1165 2108 -
1213 2084 1307 2121 723.
1344 2093 1603 2132 proseosse'ns

110 2145 238 2188 bestia
269 2150 378 2198 edd„
418 2166 453 2189 v.
487 2152 535 2189 ad
566 2151 675 2188 Asin.
711 2153 803 2189 688.
854 2171 898 2176 -
948 2153 1039 2188 724.
1087 2151 1177 2190 uter
1208 2148 1480 2198 demutassit,
1512 2153 1537 2190 i.
1570 2165 1602 2189 e.

110 2217 235 2268 legem
266 2221 511 2269 migraverit,
546 2220 592 2257 cf.
625 2219 709 2256 Mil.
746 2220 865 2256 1124.
890 2215 1114 2267 —poculo
1144 2215 1390 2258 multabitur
1418 2219 1524 2258 Pius,
1548 2239 1603 2245 —

115 2287 205 2324 725.
237 2285 306 2326 ius
338 2284 454 2335 dicis,
489 2287 534 2325 cf.
563 2287 610 2324 ad
636 2287 754 2338 Epid.
782 2289 845 2325 26.
871 2308 926 2313 —
960 2288 1051 2325 726.
1085 2284 1258 2325 multam
1288 2283 1482 2334 retinebo,
1514 2302 1603 2325 nam

113 2355 249 2393 cadum
279 2356 408 2393 habet.
437 2375 493 2382 -—
534 2358 627 2393 727.
669 2365 782 2401 oras,
825 2356 870 2394 cf.
904 2355 952 2392 ad
985 2355 1096 2405 Capt.
1131 2357 1224 2394 332.
1256 2376 1310 2387 -—
1340 2353 1443 2403 Em,
1485 2370 1521 2394 v.
1554 2357 1603 2394 ad

110 2424 218 2461 Asin.
253 2425 344 2462 333.
406 2423 581 2461 Primum
612 2424 684 2460 hoc
715 2427 770 2461 ait
801 2424 1053 2462 memorabile
1085 2437 1186 2471 esse,
1219 2425 1374 2471 rivales,
1407 2427 1475 2474 qui
1506 2425 1603 2462 alias

111 2503 151 2529 se
194 2492 321 2530 odisse
367 2491 511 2538 solent,
561 2492 622 2528 hie
678 2493 929 2530 amicissimos
975 2506 1058 2530 esse
1104 2497 1141 2529 et
1188 2493 1410 2531 convivium
1455 2506 1604 2530 summa

112 2560 320 2597 concordia
351 2559 568 2597 instituere.
631 2559 675 2596 R.
701 2560 801 2597 male
831 2561 962 2597 versui
989 2561 1067 2598 728
1093 2560 1218 2598 Stichi
1248 2574 1388 2599 nomen
1419 2559 1602 2611 praefixit.

110 2645 165 2652 —
201 2626 353 2677 facetia
394 2627 586 2675 singulari
623 2641 786 2665 numero
827 2630 945 2665 etiam
978 2627 1127 2666 Gellius
1158 2628 1234 2676 ΙΙΙ,
1269 2631 1311 2677 3,
1347 2630 1382 2667 3.
1415 2649 1469 2654 —
1509 2630 1602 2666 729.

111 2693 206 2733 Post
231 2696 379 2745 potare
409 2695 542 2732 hiatur
571 2696 611 2732 in
643 2695 808 2733 diaeresi.
840 2715 895 2720 —
935 2697 1030 2734 730.
1068 2697 1145 2734 ‘um‘
1174 2698 1198 2734 i.
1232 2710 1264 2734 e.
1297 2698 1431 2743 unius,
1473 2697 1518 2733 cf.
1554 2696 1603 2733 ad

113 2761 223 2802 Cure.
243 2765 335 2802 387.
362 2783 415 2789 —
443 2763 535 2800 732.
568 2773 724 2801 mecum
756 2759 813 2801 ibi
842 2764 978 2802 aulem
1005 2764 1074 2812 est,
1106 2767 1130 2803 i.
1157 2779 1188 2802 e.
1218 2766 1270 2803 ibi
1303 2767 1419 2802 etiam
1453 2777 1602 2802 mecum
