2009 3218
340 220 420 258 628
945 216 1198 253 Truculentus.

330 342 492 394 attisjas,
526 357 560 380 v.
593 345 643 382 ad
672 344 810 382 Bacch.
842 345 936 382 442.
969 365 1023 371 —
1055 342 1160 384 Tene
1190 357 1261 398 690
1293 347 1402 393 Sch.;
1434 348 1529 398 quid
1556 350 1594 385 in
1618 350 1652 385 A
1677 349 1808 396 fuerit,

329 426 406 450 non
436 416 620 462 apparet3
653 411 849 450 stadem:
886 412 1023 460 „Egon
1045 412 1125 451 te“.
1143 434 1199 440 —-
1222 412 1290 453 Ita
1319 424 1381 453 me
1411 411 1565 454 amabit
1587 413 1809 455 sarculum.
1865 443 1870 449 -

330 480 515 517 Rusticus
555 492 626 530 per
664 481 924 517 instrumenta
959 472 1109 519 'rustica
1146 483 1251 520 iurat
1280 487 1325 520 ut
1355 482 1467 533 Capt.
1502 484 1578 521 871
1613 486 1811 534 parasitus

328 561 398 597 per
428 549 688 594 saturitatem,
722 546 832 585 Cure.
868 549 945 585 577
978 549 1067 586 leno
1098 561 1168 598 per
1197 549 1391 596 volsellas,
1424 551 1618 599 pectinem
1644 555 1733 589 cett.
1761 571 1809 577 —

330 616 423 653 274.
466 612 697 664 amplexari
725 611 920 653 mauclim
949 616 994 653 A.
1035 636 1088 641 —
1122 613 1309 664 patulam
1349 614 1491 655 bouem
1520 619 1566 654 A.
1633 618 1738 655 Fest.
1772 632 1810 668 p.

331 684 430 721 229:
480 683 756 732 „propatulum
792 684 871 721 late
908 688 1047 733 patens
1088 688 1204 733 atque
1245 689 1424 733 apertum
1456 689 1494 722 et
1523 686 1649 734 patuli
1681 687 1811 733 boves,

331 763 497 800 quorum
515 764 660 789 cornua
675 752 716 789 in
734 751 931 789 diversum
955 765 1074 801 super
1098 751 1255 789 modum
1278 751 1455 801 patent“.
1491 752 1543 790 id.
1561 752 1633 802 Ep.
1652 766 1689 802 p.
1709 754 1786 791 221
1803 768 1810 790 :

335 819 536 868 „patulum
566 818 709 856 bouem'
735 819 897 856 Plautus
935 819 1109 869 appellat
1145 820 1253 857 cuius
1292 832 1439 857 cornua
1476 819 1630 857 diversa
1661 834 1705 858 ac
1734 821 1812 858 late

327 883 513 937 patent“;
559 887 770 936 eademque
815 887 960 935 repetit
999 887 1265 935 Philargyrius
1306 887 1354 924 ad
1392 886 1506 935 Verg.
1549 887 1593 925 G.
1626 888 1702 937 III,
1746 890 1810 935 55,

329 967 447 1004 quum
464 967 642 992 camuros
666 954 783 991 boves
808 967 828 990 e
853 955 1050 991 contrario
1078 967 1160 992 esse
1184 955 1291 1001 dicit,
1317 955 1383 1004 qui
1409 968 1594 993 conversa
1619 958 1812 1000 introrsus

329 1034 474 1060 cornua
504 1021 687 1060 habeant.
772 1022 918 1069 „Immo
957 1022 1126 1059 rusticus
1171 1022 1242 1059 hoc
1287 1022 1518 1060 vocabulum
1565 1023 1613 1060 ad
1657 1024 1812 1075 vulvam

329 1087 490 1127 refert“.
523 1089 586 1139 Sp.
627 1110 681 1115 —
727 1091 818 1127 275.
864 1084 1046 1139 Cumque
1077 1099 1123 1128 ea
1153 1091 1198 1127 A.
1237 1110 1291 1115 —
1320 1089 1532 1138 perpetem
1563 1090 1621 1128 ed.
1654 1104 1736 1141 pn,
1776 1105 1810 1128 v.
1885 1099 1891 1105 ·

329 1157 378 1194 ad
393 1157 536 1207 Amph.
556 1159 648 1195 276.
709 1157 956 1195 Adiectivum
987 1158 1214 1207 requiritur,
1247 1161 1286 1194 et
1309 1159 1350 1194 in
1375 1160 1406 1194 A
1433 1157 1592 1195 additur
1621 1158 1813 1207 glossema

333 1224 521 1273 „totam“.
549 1231 597 1252 -”-
627 1226 720 1263 276.
757 1224 961 1271 ,,οεηαύα8,
995 1238 1079 1262 cum
1110 1223 1244 1262 cena“.
1278 1225 1342 1274 Sp.
1367 1244 1422 1249 —
1447 1223 1542 1263 dari
1571 1227 1616 1263 A.
1639 1246 1693 1252 -—
1719 1227 1812 1264 277.

329 1289 423 1331 Rus
465 1293 509 1331 tu
544 1289 648 1331 mihi
680 1288 904 1341 opprobras
933 1292 980 1330 A.
1041 1302 1083 1330 es
1115 1293 1174 1330 ed.
1206 1306 1265 1343 pr.
1327 1293 1557 1343 Respondet
1587 1293 1647 1331 hic
1677 1307 1813 1332 versus

328 1362 378 1399 ad
409 1362 488 1399 266
519 1362 627 1407 init.;
659 1361 761 1400 unde
791 1374 908 1410 quum
941 1361 1095 1410 longius
1126 1364 1300 1398 remotus
1331 1361 1396 1407 sit,
1427 1361 1590 1398 Bothius
1615 1375 1701 1399 eum
1724 1366 1813 1411 post

327 1430 406 1467 266
447 1430 598 1479 posuit,
653 1428 883 1478 Spengelius
928 1432 1018 1465 ante
1063 1429 1165 1466 hunc
1209 1441 1364 1466 versum
1410 1429 1590 1479 Astaphii
1634 1429 1812 1479 quaedsm

327 1497 448 1535 verba
493 1497 681 1535 excidisse
726 1497 902 1547 putavit3
947 1496 1164 1534 Buecheler
1202 1498 1301 1534 Ann.
1333 1497 1431 1546 phil.
1464 1496 1527 1534 CV
1567 1510 1604 1547 p.
1639 1498 1715 1535 571
1749 1510 1810 1535 vv.

328 1566 549 1603 277—292
588 1567 815 1615 suppositos
854 1569 984 1602 censet
1028 1564 1076 1601 ab
1121 1564 1297 1611 homine,
1346 1566 1407 1602 cui
1451 1566 1656 1615 superiora
1699 1567 1812 1603 nimis

326 1633 503 1671 obsoleta
533 1636 573 1670 et
602 1632 761 1671 sordida
801 1632 1041 1669 viderentur.
1089 1651 1142 1657 —
1189 1633 1282 1670 279.
1329 1629 1405 1670 huc
1445 1642 1636 1671 occursas
1665 1633 1719 1680 A,
1763 1633 1810 1671 cf.

325 1701 408 1738 Mil.
439 1702 556 1739 1042.
581 1720 636 1725 -
661 1701 753 1738 280.
784 1696 877 1737 uolo
908 1696 1130 1738 conuenire
1153 1701 1199 1737 A.
1227 1720 1281 1726 —-
1306 1702 1383 1738 281
1411 1713 1587 1750 pugnare
1618 1713 1703 1738 cum
1732 1701 1810 1739 684
1837 1696 1841 1702 ’

325 1769 606 1811 animadvertit
621 1768 707 1806 Sch.
735 1787 788 1792 --
810 1757 953 1806 musaei
975 1764 1142 1816 femina,
1169 1769 1216 1806 cf.
1235 1768 1338 1806 Men.
1359 1769 1439 1806 824
1470 1768 1638 1815 „femina
1663 1766 1809 1807 canis“.

326 1857 379 1861 -—
398 1837 476 1874 282
503 1850 549 1873 ex
574 1837 618 1873 A.
645 1855 700 1861 —
724 1836 817 1874 283.
846 1845 1049 1885 properas
1077 1833 1234 1885 yrandi
1254 1833 1390 1886 gradu
1412 1836 1457 1874 A.
1479 1856 1526 1861 —
1556 1838 1647 1875 284.
1681 1832 1835 1875 ΙιενοῑεΔ
1860 1875 1864 1881 ,

326 1914 398 1953 690
423 1902 528 1942 istos
557 1903 604 1942 A.
638 1923 691 1928 —-
721 1900 989 1952 compositos,
1035 1900 1259 1954 ‚‚comptos“
1296 1905 1420 1941 voluit
1454 1903 1677 1941 Buecheler.
1709 1905 1808 1942 Ann.

325 1971 389 2010 CV
406 1985 444 2022 p.
465 1974 556 2010 570.
577 1992 626 1997 -—
654 1972 746 2009 284.
778 1971 1050 2021 augmentatos
1067 1972 1112 2009 A.
1161 1968 1333 2010 euelzam
1348 1972 1400 2009 id.
1427 1991 1474 1996 —
1504 1973 1597 2010 286.
1630 1967 1812 2018 adfores

327 2043 367 2077 et
396 2037 618 2089 unquentis
637 2039 762 2078 uncta
793 2049 836 2077 es
869 2049 973 2077 ausa
997 2041 1042 2076 A.
1067 2059 1122 2064 —
1156 2039 1249 2076 287.
1269 2036 1591 2088 purpurissatas
1617 2035 1738 2078 habes
1763 2041 1808 2087 A,

326 2108 372 2144 cf.
405 2107 523 2146 Most.
557 2109 649 2147 255.
681 2127 735 2132 —
777 2108 854 2145 289
888 2120 944 2156 sq.
979 2104 1100 2156 quasi
1131 2137 1139 2144 .
1165 2137 1173 2145 .
1201 2137 1208 2144 .
1240 2103 1350 2158 megla
1389 2107 1502 2144 affert
1540 2107 1726 2146 Priscian.
1759 2107 1811 2145 VI

325 2187 362 2224 p.
383 2176 461 2212 694
480 2179 518 2213 et
545 2177 625 2213 717
650 2177 791 2214 omisso
813 2173 960 2222 „Tuo“.
1023 2174 1164 2212 Addit:
1201 2172 1304 2222 „ulli
1332 2188 1404 2224 pro
1435 2173 1593 2221 ullius“,
1626 2175 1674 2213 cf.
1704 2175 1810 2213 Neue

325 2241 521 2280 Formenl.
545 2243 582 2281 II
606 2257 644 2293 p.
664 2244 755 2281 254.
786 2262 834 2269 -
862 2244 955 2281 291.
987 2238 1154 2281 rubrica
1185 2243 1294 2282 creta
1315 2245 1360 2280 A.
1423 2239 1596 2281 intinxti
1623 2242 1807 2292 Scaliger.

328 2305 518 2357 „rubrica
554 2312 748 2361 producta
786 2312 911 2360 prima
951 2310 1114 2359 syllaba.
1189 2311 1374 2348 Eiusdem
1416 2315 1547 2348 autem
1585 2312 1690 2348 vocis
1728 2323 1810 2348 esse

325 2377 448 2415 rsibra
479 2381 518 2415 et
549 2379 658 2416 rufus
689 2381 840 2416 monuit
864 2366 1149 2417 Studemund.“
1185 2378 1249 2428 Sp.
1283 2399 1337 2404 —
1378 2379 1456 2416 293
1490 2391 1538 2415 ex
1559 2379 1604 2415 A.
1630 2398 1685 2403 --
1717 2378 1808 2416 294.

326 2441 444 2483 erilis
476 2449 515 2482 et
539 2455 616 2483 uos
640 2442 822 2485 Strabax
845 2446 891 2484 A.
918 2466 970 2471 —
996 2447 1088 2484 295.
1113 2447 1260 2494 pereat
1290 2451 1328 2484 et
1349 2442 1552 2495 probrum
1576 2447 1620 2482 A.
1649 2465 1702 2471 —-
1729 2447 1807 2484 297

326 2526 372 2550 ex
403 2513 448 2551 A.
513 2513 640 2563 „apud
671 2527 740 2551 nos
771 2515 871 2552 solet
901 2511 1055 2564 perire“
1089 2513 1175 2551 Sch.
1208 2534 1262 2540 —
1294 2515 1386 2552 298.
1425 2524 1494 2552 ‘res
1519 2510 1739 2562 perdidere
1769 2517 1810 2551 et

325 2577 458 2619 saluis
489 2582 534 2618 A.
568 2600 622 2606 —
664 2583 741 2619 299
776 2596 821 2619 ex
851 2584 896 2619 A.
967 2579 1102 2622 Ueron
1132 2578 1275 2620 serio?
1314 2582 1509 2631 iungenda
1539 2586 1652 2629 sunt;
1691 2575 1807 2631 v'ulgo

332 2646 490 2692 „Serio“
525 2649 715 2698 Astaphio
748 2650 880 2694 datur,
921 2650 989 2687 sed
1029 2651 1068 2686 in
1110 2650 1223 2687 codd.
1255 2649 1402 2687 nullum
1434 2662 1609 2699 personae
1639 2651 1808 2699 spatium

323 2719 452 2766 patet3
487 2720 606 2767 atque
637 2716 716 2753 haec
747 2717 853 2766 iungi
886 2718 1023 2764 solent,
1057 2717 1133 2755 vid.
1167 2717 1215 2754 ad
1248 2717 1364 2754 Mero.
1400 2717 1492 2754 678.
1541 2717 1679 2754 Pseud.
1706 2718 1804 2755 341:

330 2784 416 2829 „dic
452 2785 547 2822 mihi
578 2797 713 2822 uerum
744 2783 883 2822 seri0“.
924 2805 977 2809 —
1022 2786 1114 2823 300.
1167 2783 1279 2834 Quid
1306 2785 1339 2822 A
1371 2789 1411 2821 et
1450 2784 1693 2830 Priscianus,
1741 2783 1806 2833 qui
