2009 3218
348 215 426 254 590
963 208 1204 243 Trinummus.

456 340 549 376 821.
592 337 816 376 Charmides
847 336 996 373 felicem
1029 337 1198 374 reditum
1229 351 1336 375 suam
1367 340 1406 375 in
1436 341 1605 388 patriam
1635 341 1820 389 praedicat

342 408 492 455 diisque
523 406 671 454 gratias
702 406 807 453 agit,
839 404 884 441 cf.
919 404 967 441 ad
999 403 1118 442 Stich.
1151 404 1244 442 403.
1320 406 1577 455 Anapaesticis
1609 409 1818 446 octonariis

341 475 532 512 canticum
564 473 781 510 rectissime
813 472 1014 520 discripsit
1040 472 1281 522 Spengelius,
1312 486 1424 522 quem
1457 475 1574 512 etiam
1602 476 1641 512 in
1674 476 1820 514 lacunis

341 541 568 592 supplendis
599 544 754 578 secutus
785 553 890 586 sum,
931 553 1049 589 quum
1080 539 1315 578 Ritschelius
1347 544 1387 577 et
1415 542 1573 580 Brixius
1603 542 1820 582 trochaicos

341 612 576 647 constituere
609 610 737 646 conati
769 613 909 647 essent.
940 628 995 632 —
1035 603 1322 655 Salsc'potenti,
1362 610 1386 646 i.
1418 622 1450 646 e.
1483 609 1579 646 salsi
1606 611 1724 647 maris
1754 624 1818 661 po-

340 678 452 724 tenti,
485 677 587 726 quod
621 690 739 726 quum
769 689 907 725 parum
938 678 1083 713 usitate
1115 675 1191 713 dici
1222 675 1434 723 videretur,
1469 677 1512 714 R.
1539 691 1625 715 eum
1658 678 1818 716 Brantio

346 743 620 794 „salipotenti“
657 744 813 793 scripsit
844 757 865 780 a
895 744 998 790 salo3
1029 743 1097 790 sed
1128 743 1277 780 Ennius
1307 744 1408 781 Ann.
1435 746 1539 782 410:
1576 746 1817 793 „caeruleum

340 817 492 862 spumat
539 811 660 857 sale“‚
706 817 749 848 ut
791 813 866 849 iam
905 812 1099 848 Homerus
1138 812 1294 861 aliique.
1370 809 1635 861 multipotens
1675 814 1820 863 legitur

341 883 457 918 etiam
488 879 627 917 Bacch.
662 882 737 918 651
773 884 812 916 et
842 879 968 916 Casin.
1003 880 1094 916 783.
1122 898 1174 904 -—
1217 875 1394 918 aetherei
1423 877 1620 929 Neptuno
1646 881 1821 930 Scaliger

341 963 411 987 em.
446 969 500 974 ——
540 949 631 986 822.
679 944 836 986 Laetus
867 943 1025 991 labens,
1067 948 1302 995 asyndeton,
1343 962 1377 984 v.
1410 949 1457 985 ad
1489 948 1602 998 Capt.
1636 950 1729 987 405.
1767 968 1819 975 —

341 1014 486 1055 laudes
517 1027 592 1066 ayo
625 1016 664 1054 et
692 1013 838 1066 ¹aratis,
871 1016 917 1053 cs.
951 1016 1034 1052 Mil.
1062 1017 1155 1053 413.
1189 1035 1242 1040 —
1269 1013 1432 1065 gratias
1463 1021 1531 1054 aut
1561 1031 1633 1068 pro
1665 1017 1819 1066 dactylo

343 1089 409 1123 aut
448 1098 520 1135 pro
560 1084 743 1134 spondaeo
774 1085 1001 1132 legendum,
1041 1084 1088 1121 cf.
1122 1085 1213 1122 825.
1256 1085 1334 1122 839
1371 1083 1516 1131 „otio“.
1557 1087 1636 1124 840
1674 1085 1817 1134 „filio“.
1889 1107 1892 1110 ·

344 1154 389 1191 cf.
408 1153 560 1202 Proleg.
587 1167 624 1203 p.
646 1154 739 1190 207.
761 1153 851 1189 215.
881 1171 928 1177 -
963 1149 1032 1198 ‚‚e“
1066 1152 1140 1188 del.
1174 1152 1342 1190 Goeller.
1369 1172 1422 1178 —
1451 1155 1543 1192 823.
1581 1150 1692 1202 Quos
1715 1155 1817 1193 Cam.
1851 1197 1854 1199 Α

288 1244 291 1248 ·
339 1242 393 1247 —
434 1221 613 1258 Lacunas
652 1221 765 1257 huius
806 1223 846 1257 et
875 1220 1044 1268 proximi
1077 1233 1209 1257 versus
1240 1221 1437 1270 supplevit
1467 1221 1606 1271 Speng.
1639 1243 1695 1248 —
1726 1224 1817 1263 824.

344 1285 485 1338 Quom,
518 1289 564 1326 cf.
601 1289 692 1326 507.
727 1308 779 1312 —
812 1289 905 1325 826.
939 1298 1203 1337 que...que,
1237 1289 1284 1326 cf.
1318 1290 1410 1327 877.
1444 1290 1491 1327 ad
1523 1291 1663 1339 Amph.
1699 1293 1733 1328 7.
1766 1311 1819 1316 —

342 1359 435 1395 827.
467 1366 551 1406 690,
585 1356 688 1405 quod
720 1357 919 1406 oppositio
950 1355 1127 1403 flagitare
1159 1356 1331 1402 videtur,
1371 1357 1616 1396 Hermannus
1655 1359 1816 1397 addidit.

341 1435 464 1474 opera
491 1424 694 1474 expertus,
727 1425 774 1461 cf.
792 1424 929 1461 Bacch.
952 1425 1042 1461 384.
1104 1424 1275 1461 Auditur
1295 1423 1444 1471 ,‚sum“,
1477 1440 1511 1463 v.
1530 1425 1579 1463 ad
1595 1426 1734 1477 Amph.
1754 1429 1816 1465 56.

340 1513 395 1519 —
436 1494 527 1531 828.
577 1489 658 1530 alto
692 1492 796 1530 Pius.
841 1512 881 1516 —
943 1493 1034 1530 829.
1080 1488 1275 1541 ylorz'awl,
1314 1493 1470 1530 famam.
1549 1492 1637 1541 ,‚et“
1672 1495 1817 1542 delevi;

339 1561 505 1612 Speng.:
556 1564 621 1607 „et
660 1560 829 1598 nobilest
874 1561 979 1610 apud
1018 1558 1242 1606 homines“;
1289 1560 1334 1598 R.
1367 1563 1550 1599 extremis
1591 1562 1640 1599 ad
1671 1575 1706 1600 v.
1740 1563 1818 1600 832

339 1631 495 1666 reiectis
527 1629 587 1666 hic
624 1633 755 1672 „tuam
788 1629 886 1666 hanc
917 1628 1022 1678 apud
1059 1628 1233 1666 homines
1263 1629 1426 1678 gloriam
1458 1629 1618 1667 auribus
1649 1631 1724 1668 iam
1755 1643 1816 1668 ac·
1875 1668 1880 1671 ,

339 1710 520 1746 ceperam
552 1695 663 1734 aute“
700 1698 869 1747 scripsit.
947 1697 1118 1746 Langen.
1160 1697 1281 1734 Beitr.
1321 1711 1358 1747 p.
1401 1699 1478 1735 277
1519 1699 1646 1736 locum
1679 1689 1842 1749 parum⁸
1873 1720 1876 1723 Δ

339 1749 506 1803 feliciter
537 1766 733 1803 tractavit.
765 1785 820 1790 —
861 1766 953 1802 831.
993 1760 1095 1811 Abi,
1135 1778 1169 1802 v.
1203 1766 1252 1803 ad
1283 1766 1388 1803 Asin.
1424 1767 1516 1804 697.
1550 1785 1603 1790 „-
1642 1768 1721 1805 832
1752 1780 1818 1804 va-

340 1835 455 1871 riatio
498 1847 630 1871 versus
670 1835 749 1871 830
788 1835 921 1882 spuria
959 1833 1124 1871 videtur.
1194 1834 1239 1871 R.
1280 1834 1426 1871 additis
1465 1835 1648 1872 extremis
1688 1848 1818 1872 versus

342 1903 434 1947 829,
467 1902 567 1938 huuc
597 1914 749 1938 versum
782 1901 928 1939 effecit:
965 1902 1150 1952 „Semper
1181 1903 1368 1940 mendicis
1400 1902 1565 1939 modesti
1591 1904 1678 1950 siut,
1711 1916 1818 1941 secus

340 1970 480 2007 nobilis
512 1970 616 2019 apud
646 1968 863 2007 homines“.
897 1989 950 1994 —
983 1972 1074 2008 833.
1106 1980 1202 2008 nam
1228 1970 1276 2007 ad
1308 1970 1451 2016 „Fidus
1474 1969 1605 2007 fuisti“
1637 1971 1815 2016 refertur,

339 2038 479 2076 mediis
512 2033 708 2087 (quamvis
746 2037 909 2075 infidum
946 2042 985 2075 te
1022 2051 1174 2087 semper
1205 2034 1350 2087 dicant)
1389 2039 1658 2089 parenthetice
1696 2040 1816 2076 inter-

340 2107 492 2156 positis.
525 2125 579 2130 —
610 2102 772 2155 absque,
805 2119 840 2143 v.
869 2086 921 2143 ¹ad
945 2106 1045 2143 Men.
1084 2108 1201 2145 1003.
1230 2126 1277 2131 —
1314 2107 1405 2144 834.
1439 2104 1582 2156 disque
1613 2103 1816 2152 tulissent,

342 2175 496 2221 tmesis,
537 2174 584 2210 cf.
617 2174 665 2211 ad
697 2174 801 2210 Pers.
837 2175 928 2211 211.
978 2194 1025 2199 —
1069 2171 1267 2213 satellites
1297 2175 1684 2224 proceleusmaticum
1714 2175 1814 2212 facit.

340 2261 394 2266 —
436 2243 527 2279 835.
566 2251 655 2279 mea
686 2241 775 2278 add.
809 2242 873 2291 Sp.
913 2261 967 2266 —
1007 2244 1100 2280 836.
1149 2239 1271 2291 quasi
1301 2253 1422 2281 canes
1452 2239 1562 2281 haud
1589 2253 1725 2290 secus,
1769 2243 1813 2280 cf.

340 2309 481 2358 Amph.
527 2310 644 2346 1094.
683 2329 737 2334 -
780 2307 896 2348 uenti
929 2311 974 2347 A.
1014 2329 1065 2335 —
1112 2312 1204 2348 837.
1250 2307 1356 2358 ferri
1394 2311 1480 2349 add.
1522 2311 1586 2359 Sp.
1632 2331 1679 2336 —
1724 2312 1814 2349 838.

339 2385 459 2414 ruere
488 2379 735 2414 transitivum
774 2381 818 2414 ut
858 2377 944 2414 Ter.
984 2378 1057 2415 Ad.
1099 2380 1191 2416 319.
1232 2399 1285 2404 —
1329 2376 1376 2416 ni
1415 2379 1585 2416 refertur
1624 2379 1672 2416 ad
1714 2379 1813 2423 „dis-

340 2444 575 2481 traxissent“
612 2458 644 2481 v.
680 2446 772 2492 834,
812 2447 988 2495 quamvis
1019 2446 1108 2483 huic
1138 2448 1214 2484 iam
1246 2447 1452 2485 antecedat
1478 2448 1648 2496 „absque
1678 2444 1814 2492 soret“‚

342 2526 376 2550 v.
411 2513 459 2549 ad
492 2512 596 2550 Pers,
631 2514 723 2551 836.
757 2533 810 2538 —
850 2515 941 2551 839.
983 2511 1127 2552 dehinc
1159 2511 1241 2552 iam
1273 2519 1310 2552 et
1342 2513 1438 2553 (lare
1467 2525 1530 2552 me
1560 2517 1604 2552 A.
1637 2534 1690 2540 —
1721 2515 1812 2552 840.

342 2580 490 2617 Nonius
529 2593 565 2630 p.
606 2581 716 2637 4682.
757 2577 1007 2628 „Deluctaui
1044 2596 1116 2632 pro
1156 2583 1377 2620 ‹leluctatus
1415 2596 1510 2619 sum.
1582 2583 1740 2620 Plautus
1778 2583 1814 2619 in

340 2649 583 2685 Trinummo:
629 2662 738 2694 „cum
773 2650 873 2686 hisce
905 2652 1074 2687 erumnis
1105 2648 1359 2688 deluctavit“.
1436 2651 1527 2696 Quae
1563 2651 1671 2700 quasi
1700 2653 1813 2688 inter-

340 2717 512 2765 pretatio
543 2716 695 2753 relativi
727 2720 795 2761 est,
828 2731 915 2754 nam
940 2717 1180 2766 significatur
1215 2731 1309 2768 „pro
1334 2719 1382 2756 iis
1408 2720 1601 2763 aerumnis,
1634 2715 1811 2768 quibus“.

345 2803 390 2809 --
427 2785 502 2821 841
538 2797 593 2833 sq.
627 2785 850 2821 octonarius
881 2798 993 2834 anap.
1027 2799 1111 2823 cum
1143 2787 1364 2834 septenario
1397 2787 1468 2830 vel,
1501 2792 1545 2822 ut
1566 2788 1599 2823 A
1625 2786 1813 2832 discribit,
