2009 3218
801 203 841 238 V.
868 205 1058 239 743—777.
1595 209 1677 249 453

196 335 289 374 766.
322 328 512 372 accumbe
540 334 666 383 prima
700 338 892 382 correpta,
925 343 1064 371 moror
1094 339 1132 371 et
1154 344 1300 383 parem
1333 336 1479 373 ultima.
1555 335 1675 384 Saga-

192 403 301 442 ristio
343 415 384 440 se
421 413 507 439 eum
547 400 734 438 honorem
776 415 851 439 non
901 403 1042 438 morari
1085 402 1198 440 dicit:
1246 415 1364 440 unum
1404 403 1593 454 postulat,
1635 406 1678 440 ut

193 483 346 520 compar
382 469 457 507 sibi
497 469 684 516 addatur,
732 483 845 519 quem
886 470 1082 518 pepigerit
1122 471 1186 517 (cf.
1227 471 1333 508 Trin.
1368 473 1490 518 47l);
1538 471 1674 509 cadum

191 541 317 577 antem
350 538 429 574 vini
460 538 664 585 significat.
697 557 749 563 —
786 539 877 575 767.
912 534 1121 585 Temperi,
1155 538 1275 584 brevi,
1309 552 1342 575 v.
1378 540 1425 576 ad
1456 540 1545 576 Aul.
1581 540 1674 578 446.

191 626 243 633 -—
275 607 366 644 768.
398 602 588 652 natalem,
621 606 667 644 cf.
701 607 750 644 ad
781 606 891 655 Capt.
930 607 1027 652 174,
1059 615 1285 652 amoemmn,
1319 611 1362 643 ut
1393 621 1579 645 amoenus
1610 610 1675 645 sit.

191 694 244 702 —
279 671 468 724 amonite
498 675 663 724 primam
695 675 873 723 corripit.
943 673 1100 711 Reizius
1131 675 1295 723 aliique:
1346 676 1559 725 .,ponite“;
1606 675 1675 713 sed

191 743 286 782 illud
316 743 392 781 dici
423 742 533 780 solet.
560 762 613 767 —
646 744 738 781 769.
771 739 885 790 hanc,
921 755 1102 780 coronam
1137 743 1268 779 amicae
1302 743 1424 790 offert,
1459 745 1572 794 eique
1606 745 1675 781 im-

188 812 337 862 perium
369 823 471 848 cenae
501 811 637 848 tradit.
698 811 759 848 Illi
792 813 913 859 igitur
942 812 1145 861 proximus
1177 824 1313 848 versus
1346 811 1577 849 tribuendus
1604 816 1675 858 est,

191 892 303 931 quem
333 879 450 928 vulgo
473 878 610 917 Toxilo
642 881 888 926 contiuuant;
919 879 990 916 hoc
1022 881 1119 916 enim
1152 883 1212 917 est
1243 881 1423 928 magistri
1453 884 1521 917 aut
1552 880 1674 917 dicta-

190 948 285 986 toris
322 960 479 993 manue,
526 947 753 996 cyathorum
796 960 998 985 numerum
1040 949 1300 995 constituere,
1349 948 1394 985 cf.
1428 947 1548 985 Stich.
1583 949 1674 986 705.

189 1015 242 1054 Et
270 1017 309 1054 in
339 1015 368 1054 C
399 1015 555 1065 quidem
586 1020 678 1053 ante
705 1013 794 1066 Aye
819 1029 995 1065 personae
1019 1018 1189 1067 spatium
1217 1020 1341 1054 vacat.
1359 1035 1414 1041 --
1442 1017 1533 1054 771.
1565 1025 1674 1062 Sane,

190 1097 226 1123 v.
257 1084 305 1122 ad
342 1083 451 1123 Asin.
483 1085 578 1122 461.
625 1104 679 1109 -
727 1086 819 1122 772.
867 1080 984 1122 Bene
1022 1081 1144 1132 mihi3
1191 1085 1368 1123 bibentes
1407 1085 1538 1122 amicis
1577 1084 1675 1121 bene

188 1153 337 1204 precari
367 1153 556 1199 solebant,
589 1153 635 1191 cf.
670 1152 782 1191 Ovid.
811 1154 896 1191 Art.
924 1153 953 1193 Ι.
988 1155 1089 1193 601:
1137 1153 1212 1201 „Et
1241 1154 1341 1191 bene
1374 1153 1435 1190 dic
1467 1150 1673 1191 dominae“.

189 1220 307 1260 Stich.
342 1222 434 1259 708.
468 1240 522 1246 —
554 1218 643 1259 dies
682 1219 806 1259 datus
837 1219 903 1259 hic
941 1219 999 1259 mi
1039 1235 1174 1260 versus
1205 1235 1323 1259 causa
1353 1223 1589 1271 transposui.
1621 1241 1675 1246 -—

192 1290 281 1329 773.
320 1285 416 1328 licet
443 1291 703 1340 posteriorem
736 1303 813 1328 non
844 1290 1038 1340 producit.
1079 1311 1132 1315 —
1169 1285 1344 1337 factum,
1384 1303 1419 1328 v.
1453 1290 1501 1327 ad
1532 1290 1673 1341 Amph.
1737 1323 1740 1325 .

190 1359 280 1397 590.
326 1377 382 1384 —
427 1359 519 1396 774.
567 1354 685 1396 Bene
723 1355 916 1397 omnibus
954 1355 1090 1406 nobis,
1137 1359 1266 1397 Toxili
1303 1359 1384 1396 haec
1428 1359 1549 1397 verba
1585 1362 1677 1397 sunt

187 1427 401 1464 orationem
441 1439 474 1463 v.
511 1428 588 1464 772
622 1428 814 1476 inceptam
847 1428 1125 1466 continuantis.
1187 1422 1375 1465 omnibus
1400 1429 1566 1477 primam
1593 1440 1674 1465 cor-

187 1495 292 1545 ripit.
323 1514 375 1520 —
407 1491 509 1542 Hoc,
540 1495 642 1542 ideo,
675 1497 768 1545 quia
798 1496 993 1543 liberasti3
1038 1510 1073 1533 v.
1107 1495 1156 1533 ad
1186 1495 1327 1534 Pseud.
1361 1496 1454 1534 646.
1497 1516 1550 1521 —
1583 1505 1674 1534 mea

188 1562 291 1602 Cam.
323 1577 396 1601 em.
431 1583 480 1590 -
511 1562 706 1611 ,‚amanti“
740 1577 876 1603 versus
908 1578 1023 1603 causa
1054 1564 1128 1602 del.
1156 1564 1338 1615 Spengel.
1366 1584 1422 1590 —
1454 1566 1546 1603 775.
1578 1564 1675 1603 Post

194 1626 300 1671 Cedo
329 1632 458 1671 hiatus
495 1633 535 1670 in
572 1636 724 1671 mutata
755 1647 936 1683 persona.
976 1653 1031 1659 —
1073 1633 1262 1672 Omnibus
1302 1634 1460 1671 omnino
1499 1634 1596 1671 bene
1634 1646 1674 1671 se

187 1700 285 1738 velle
315 1701 422 1748 dicit,
455 1704 494 1738 et
525 1703 598 1749 eis,
637 1703 705 1751 qui
736 1703 810 1740 sibi
842 1702 1061 1750 invideant,
1103 1706 1142 1740 et
1173 1703 1248 1749 eis,
1287 1703 1354 1752 qui
1384 1715 1455 1740 sua
1484 1702 1676 1740 felicitate

187 1769 392 1817 gaudeant.
453 1767 608 1819 glaudio
639 1769 730 1808 add.
763 1771 821 1808 ed.
855 1784 914 1820 pr.

301 1838 392 1875 776.
423 1838 622 1877 Dordalus
653 1839 742 1877 leno
775 1839 946 1878 advenit.
1007 1839 1208 1877 Miseriam
1241 1851 1350 1876 suam
1375 1840 1556 1889 queritur
1580 1840 1676 1876 iras-

189 1918 261 1956 que
287 1908 490 1958 expromit.
551 1907 766 1958 Postquam
793 1909 1044 1946 convivantes
1068 1908 1357 1955 animadvertit,
1390 1909 1431 1945 in
1458 1921 1522 1946 eos
1547 1908 1675 1945 invehi

188 1975 342 2025 incipit,
383 1975 451 2013 sed
490 1977 660 2014 vicissim
702 1976 750 2014 ab
783 1977 828 2013 iis
860 1975 1050 2013 irridetur
1081 1980 1121 2014 et
1150 1976 1344 2014 illuditur.
1419 1976 1676 2026 Anapaesticis

188 2043 269 2081 fere
311 2045 483 2082 numeris
520 2044 603 2082 haec
648 2057 772 2082 scenae
815 2058 906 2094 pars
952 2046 1099 2094 scripta
1145 2048 1214 2082 est.
1293 2045 1370 2082 776
1413 2046 1674 2095 septenarius,

190 2112 378 2150 777—79
426 2113 641 2159 octonarii,
699 2114 890 2151 780—82
938 2114 1174 2162 septenarii,
1227 2113 1420 2151 783—88
1467 2114 1672 2161 octonarii,

189 2180 266 2218 789
282 2182 541 2231 septenarius,
567 2182 648 2219 790
666 2182 902 2227 octonarius,
930 2183 1007 2219 791
1030 2194 1201 2228 mancus,
1222 2185 1266 2218 ut
1283 2181 1449 2229 videtur,
1481 2183 1672 2220 792—93

187 2250 386 2288 octonarii.
449 2251 528 2288 794
561 2249 728 2288 dimeter
760 2251 945 2297 creticus,
988 2251 1064 2289 795
1098 2263 1212 2300 anap.
1246 2251 1490 2296 octonarius,
1527 2251 1604 2288 796
1637 2254 1676 2288 et

190 2318 240 2355 97
269 2317 424 2356 iambici
456 2320 665 2366 octonarii,
700 2319 778 2356 798
811 2319 935 2356 troch.
970 2319 1206 2357 octonarius.
1269 2319 1348 2356 799
1381 2319 1561 2356 trimeter
1592 2332 1673 2357 cre-

186 2386 311 2433 ticus,
358 2387 438 2425 800
482 2390 712 2425 tetrameter
752 2388 942 2434 creticus,
991 2388 1154 2426 801—3
1196 2388 1417 2425 tetrametri
1463 2387 1673 2434 bacchiaci,

190 2453 267 2492 804
297 2458 452 2493 tetram.
485 2455 616 2494 bacch.
650 2455 918 2502 catalecticus,
969 2457 1046 2494 805
1080 2452 1320 2506 compositus
1350 2459 1390 2494 et
1421 2455 1571 2493 duabus
1601 2457 1673 2493 tri-

187 2523 314 2574 podiis
345 2524 469 2562 troch.
496 2524 744 2562 catalecticis.
808 2525 887 2562 806
920 2528 1075 2562 tetram.
1109 2524 1351 2562 bacchiacus.
1407 2525 1487 2562 807
1521 2528 1560 2561 et
1595 2525 1674 2563 808

188 2589 341 2630 dimetri
370 2592 537 2631 iambici.
601 2593 792 2631 809-13
815 2594 1036 2630 tetrametri
1070 2592 1279 2630 bacchiaci.
1341 2593 1421 2630 814
1452 2592 1675 2631 trochaicus

189 2659 362 2708 dimeter,
396 2662 474 2700 815
506 2662 629 2699 troch.
662 2663 900 2707 octonarius,
936 2662 1015 2699 816
1046 2661 1171 2699 troch.
1204 2663 1463 2711 septenarius.

300 2731 379 2768 776
410 2743 468 2780 sq.
515 2729 570 2768 Cf.
602 2730 742 2768 Bacch.
780 2731 884 2768 1084
918 2743 974 2779 sq.
1007 2749 1061 2755 —
1095 2730 1187 2767 777.
1221 2724 1418 2776 omnibus,
1451 2730 1496 2768 cf.
1530 2729 1671 2779 Amph.

191 2796 288 2835 643:
331 2797 490 2844 „Uirtus
519 2798 699 2837 omnibus
730 2799 845 2836 rebus
877 2796 1040 2845 anteit“,
1090 2811 1135 2835 ne
1174 2799 1260 2847 quis
1293 2811 1377 2835 cum
1410 2799 1454 2836 R.
1492 2795 1665 2844 ..omnis“
