2009 3218
155 161 212 198 lv.
260 164 290 198 3.
317 158 449 195 3⁴-49
774 156 1008 192 'l‘rinummus
1549 161 1623 200 321

728 281 1044 324 Charmides

153 358 289 401 Lubet
328 355 447 398 adire
485 359 617 409 atque
657 354 877 408 appellare
917 354 1049 404 hunc3
1097 369 1248 396 uerum
1288 355 1489 397 ausculto
1534 369 1626 409 per·

1090 426 1245 468 lubens

149 501 201 543 Et
232 504 386 548 metuo,
419 499 452 538 si
486 497 753 551 compellabo,
787 512 839 540 ne
871 497 998 539 aliam
1032 512 1121 539 rem
1154 499 1337 552 occipiat
1369 499 1498 551 loqui.

752 599 1020 640 Stasimus

146 673 291 726 Neque
322 673 418 713 istim¹
449 672 675 726 quicquam
709 672 799 723 lege
831 676 1089 722 sanctumst3
1129 672 1244 724 leges
1278 673 1384 714 mori
1419 673 1626 716 seruiunt,

148 745 283 787 Mores
322 748 467 787 autem
507 758 657 798 rapere
691 747 925 797 properant
957 757 1043 796 qua
1074 756 1243 785 sacrum
1275 758 1362 798 qua
1394 744 1625 798 publicum.

734 853 797 893 (3'12
810 867 832 893 a
845 868 864 894 r
874 867 910 893 m
925 853 939 893 i
952 854 1006 893 dc·
1016 868 1037 891 s

148 925 299 967 Hercle
325 926 418 966 istis
446 924 598 965 malam
625 939 712 965 rem
742 938 937 977 magnam
958 925 1147 966 moribus
1165 925 1384 976 dignumst
1401 925 1505 967 dari.
1543 937 1628 969 1045

751 1019 1014 1060 ιςί(ι3ί7ητι3

144 1092 234 1134 Non
267 1091 346 1133 hoc
381 1090 547 1145 publice
580 1088 890 1141 anilnadtuirtn
926 1105 1022 1132 nam
1054 1091 1095 1131 id
1127 1105 1260 1144 genus
1293 1091 1516 1133 hominum
1549 1092 1626 1133 ho-

1092 1163 1278 1205 minibus

146 1234 366 1277 Uniuorsis
399 1239 461 1276 est
493 1235 726 1276 aduorsum
758 1241 889 1289 atque
922 1236 1035 1276 omni
1069 1235 1227 1289 populo
1260 1236 1370 1278 male
1400 1235 1517 1277 facit.

146 1306 253 1348 Male
284 1306 410 1347 fidem
442 1307 656 1348 seruando
689 1307 773 1347 illis
806 1321 977 1360 quoque
1009 1307 1223 1361 abrogant
1255 1308 1385 1349 etiam
1417 1307 1561 1355 fidem,

145 1378 223 1428 Qui
256 1378 359 1420 nihil
393 1379 553 1428 meriti3
586 1379 744 1432 quippe
777 1393 923 1420 eorum
958 1393 1007 1420 ex
1040 1380 1209 1432 ingenio
1235 1380 1452 1432 ingenium
1477 1379 1627 1421 horum

1086 1451 1283 1505 probant.

146 1522 235 1565 Hoc
265 1523 337 1576 qui
370 1523 411 1564 in
444 1528 627 1564 mentem
661 1523 829 1563 uenerit
862 1523 993 1564 mihi‘?
1057 1524 1114 1565 Re
1155 1525 1251 1577 ipsa
1292 1524 1419 1566 modo
1456 1538 1626 1566 conmo-

1087 1596 1202 1637 nitus
1235 1610 1340 1638 sum.
1541 1607 1627 1640 1050

146 1665 188 1707 Si
219 1667 319 1720 quoi
352 1673 542 1707 mutuum
576 1666 678 1719 quid
712 1667 895 1713 dederis,
928 1668 976 1708 fit
1009 1682 1084 1721 pro
1117 1669 1292 1722 proprio
1325 1667 1563 1721 perditun13

147 1737 281 1787 Quom
313 1743 498 1791 repetas,
529 1738 747 1778 inimicum
781 1740 965 1780 amicum
999 1739 1205 1781 beneficio
1236 1740 1434 1781 inuenias
1466 1745 1552 1781 tuo.

145 1808 186 1851 Si
219 1822 338 1862 mage
369 1810 537 1862 exigere
570 1810 772 1863 occipias,
807 1811 986 1852 duarum
1022 1826 1163 1854 rerum
1197 1813 1391 1853 exoritur
1422 1813 1560 1865 optio:

149 1880 222 1922 Uel
254 1881 359 1922 illud
385 1882 499 1935 quod
525 1881 759 1923 credideris
787 1883 941 1935 perdas
966 1883 1034 1926 uel
1058 1884 1179 1925 illum
1204 1885 1389 1926 amicum
1414 1885 1624 1925 amiseris.

727 1976 1048 2020 Charmides

148 2048 264 2091 Meus
295 2054 358 2090 est
390 2047 458 2089 hic
489 2048 660 2102 quidem
694 2049 906 2091 Stasimus
937 2064 1098 2092 seruos.

751 2145 1013 2186 Stasimus

817 2217 925 2258 Nam
958 2231 1035 2271 ego
1067 2217 1278 2259 talentum
1310 2222 1505 2260 mutuum
1540 2230 1627 2262 1055

148 2284 254 2336 Quoi
286 2286 499 2337 dederam,
530 2288 695 2329 talento
722 2289 941 2330 inimicum
970 2289 1072 2331 mihi
1098 2291 1191 2341 emi,
1227 2290 1409 2332 amicum
1435 2289 1623 2331 uendidi.

260 2447 344 2480 1042
367 2445 437 2480 Sed
535 2448 618 2480 1043
644 2447 704 2479 isti
801 2450 968 2481 sanctmt
994 2447 1030 2482 B
1113 2450 1198 2483 1044
1224 2448 1400 2493 pullicum
1426 2449 1460 2483 B
1540 2451 1625 2483 1045

134 2508 178 2551 ,θ
199 2511 262 2538 om.
332 2502 482 2546 dignust
506 2502 577 2536 ΑΒ
650 2504 735 2536 1046
761 2502 791 2536 Κ
817 2515 881 2538 om.
953 2504 1134 2547 pulliceB
1205 2506 1366 2540 animum
1391 2505 1534 2540 aduerti
1561 2505 1629 2540 BC

235 2559 402 2594 omnibus
476 2562 561 2593 1049
586 2571 628 2593 ex
655 2571 780 2593 corum
800 2560 865 2595 BC
933 2563 1019 2596 1050
1042 2561 1154 2596 modo
1174 2573 1214 2596 re
1232 2563 1312 2606 ipsa
1325 2569 1575 2597 commotussu
1592 2564 1623 2596 A

151 2616 231 2651 1051
258 2615 295 2650 Si
320 2617 404 2660 quid
432 2616 498 2651 BC
617 2615 759 2649 dederit
784 2616 851 2652 BC
967 2620 1051 2652 1052
1076 2618 1140 2662 Qni
1168 2618 1196 2654 C'
1304 2619 1472 2654 inuenias
1498 2631 1541 2653 ex
1568 2620 1625 2652 be-

148 2674 276 2711 neficio
299 2676 333 2710 A
446 2679 530 2711 1053
555 2688 736 2718 exgenere
762 2676 888 2719 cupias
915 2674 981 2709 BG
1092 2677 1178 2710 1054
1201 2677 1344 2711 miseris
1371 2675 1437 2711 BG
1541 2678 1624 2709 1055

151 2736 267 2765 meust
291 2733 324 2766 A
415 2735 498 2766 1056
524 2732 629 2776 Quod
656 2732 720 2765 BC
807 2732 931 2766 (leram
963 2731 991 2767 C
1079 2745 1135 2766 em
1163 2732 1192 2767 Ο
1282 2732 1440 2767 uendedi
1467 2732 1501 2766 Β

284 2803 316 2830 v.
1279 2806 1318 2838 21
