2009 3218
159 206 233 251 ΙΙΙ,
259 209 292 249 6,
318 210 430 244 4—18
830 213 991 247 studens.
1570 215 1647 254 139

764 337 1038 379 Trachalio

1041 410 1166 460 Quid,
1199 425 1276 464 ego
1310 413 1433 465 quasi
1467 426 1615 455 canem

157 479 382 521 Hominem
415 481 654 523 insectarer
684 480 903 535 lapidibus
935 482 1289 535 nequissumum?

795 571 1000 614 Labraa:

155 641 278 684 Nunc
310 642 380 697 pol
413 657 489 696 ogo
523 644 649 697 perii;
684 644 960 699 Plesidippus
992 659 1138 686 eccum
1172 645 1316 688 adest:

155 711 395 756 Conuorret
426 716 511 756 iam
545 715 613 757 hic
645 730 711 759 me
745 720 881 758 totum
915 730 1010 758 cnm
1044 717 1301 771 puluisculo.

727 807 1074 859 Plesidippus

155 876 352 919 Etiamne
383 878 424 918 in
459 892 536 919 ara
567 882 671 921 tunc
703 879 913 922 sedebant
946 879 1158 927 mulieres,
1579 893 1646 926 835

155 947 291 998 Quom
325 949 379 991 ad
412 964 478 992 me
510 949 744 1004 profectu's
776 952 869 993 ire?

678 1065 682 1070 ·
757 1043 1038 1084 Trachalio

928 1114 1093 1157 Ibidem
1126 1131 1238 1158 nunc
1271 1117 1438 1158 sedent.

722 1206 1072 1259 Pleszdvssppus

151 1275 257 1325 Quis
288 1275 386 1317 illas
419 1290 531 1318 nuno
563 1276 650 1318 illie
683 1278 860 1320 seruat?

750 1369 1032 1411 Trccolmlio

897 1441 1054 1484 Nescio
1088 1444 1184 1496 quis
1216 1457 1358 1491 senex,

149 1509 324 1552 Uicinus
360 1511 552 1563 Ueneris,
584 1514 621 1555 is
654 1513 776 1555 dedit
807 1528 983 1568 operam
1017 1518 1254 1568 optumam.

150 1581 192 1624 Is
223 1597 337 1624 nunc
369 1597 463 1626 cum
498 1586 637 1628 seruis
671 1590 840 1637 seruat3
874 1600 952 1640 ego
983 1587 1312 1629 mandaueram.

718 1677 1067 1729 Plesidippus

147 1743 240 1787 Duc
270 1760 336 1788 me
368 1746 423 1789 ad
456 1748 654 1790 lenonem
684 1752 817 1791 recta.
880 1747 963 1791 Ubi
993 1749 1082 1791 illic
1114 1754 1180 1792 est
1211 1749 1338 1792 homo
1351 1755 1370 1790 ’ἐ
1574 1761 1640 1794 840

407 1825 410 1828 ⁴
789 1839 996 1882 Labraoe

151 1891 290 1935 Saluo.

719 1969 1066 2022 Plesidippus

349 2038 544 2081 Salutem
576 2040 683 2082 nihil
715 2055 873 2084 moror.
935 2042 1052 2096 Opta
1083 2044 1214 2093 ocius,

149 2108 259 2163 Rapi
289 2115 333 2152 te
365 2115 539 2165 optorto
572 2112 684 2155 collo
718 2114 858 2156 mauis
889 2128 945 2156 an
977 2114 1103 2156 trahj.

147 2179 298 2223 Utrum
330 2183 396 2224 uis
428 2188 545 2237 opta.
578 2184 680 2226 dum
711 2184 826 2226 licet.

781 2279 995 2321 Labrax

881 2351 1094 2395 Neutrum
1126 2353 1261 2401 uolo„

717 2431 1062 2485 Plesidippus

145 2496 224 2539 Abi
257 2513 361 2542 sane
392 2502 447 2543 ad
480 2501 582 2544 litus
614 2503 845 2553 curriculo,
877 2502 1121 2549 Trachalio.

145 2567 249 2611 Iube
278 2571 375 2614 illos
405 2573 447 2614 in
480 2573 629 2616 urbem
664 2575 724 2616 ire
758 2574 933 2616 obuiam
966 2576 1019 2617 ad
1053 2582 1223 2630 portam
1254 2579 1370 2626 mihi,
1567 2592 1633 2623 845

255 2730 322 2764 833
347 2743 419 2775 qua
443 2732 496 2767 sic
521 2743 595 2766 non
622 2744 737 2766 amem
766 2733 795 2766 C
903 2734 970 2768 832
993 2733 1222 2778 inspectarer
1337 2738 1403 2772 834
1430 2737 1633 2774 Conuerret

145 2784 212 2821 835
234 2797 332 2821 nunc
425 2789 492 2825 838
517 2789 644 2824 dedito
670 2800 820 2836 operam
846 2790 875 2825 G
963 2792 1031 2825 845
1053 2796 1202 2837 portum
