2009 3218
367 227 444 265 11ss
953 199 955 202 ⁴
1043 223 1162 258 Plauti
1583 225 1631 268 11,
1656 226 1688 262 6,
1712 225 1846 264 54—72

957 347 1260 390 Charmides

531 418 640 469 Quia
671 418 874 460 auderem
905 423 1048 461 tecum
1079 421 1122 460 in
1152 434 1309 462 nauem
1340 422 1585 469 ascendere,

362 492 444 541 Qui
476 505 501 532 a
531 491 807 532 fundamento
839 491 943 532 mihi
974 505 1110 545 usque
1143 493 1316 534 mouisti
1348 507 1477 535 mare.

1001 581 1208 623 Labrax

361 653 456 694 Tibi
487 653 752 704 auscultaui3
784 657 831 694 tu
862 653 1148 706 promittebas
1180 654 1281 695 mihi
1679 701 1681 704 Α

361 725 427 765 1111
459 739 555 766 esse
588 728 816 777 quaestum
848 738 1095 766 maxumum
1127 727 1444 769 meretricibus.
1778 739 1846 772 530

360 796 424 838 Ibi
456 811 522 838 me
554 810 761 838 conruere
793 810 920 850 posse
952 796 1101 838 aiebas
1135 797 1321 839 diuitias.

958 886 1263 929 Charmides

360 960 451 1000 Iam
482 959 738 1013 postulabas
770 964 824 1010 te,
855 960 1060 1012 inpurata
1091 959 1233 1006 belua,

361 1031 513 1072 Totam
546 1030 735 1073 Siciliam
767 1031 1078 1073 deuoraturum
1112 1032 1309 1073 insulam.

999 1121 1207 1164 Labrcw?

361 1195 580 1247 Quaenam
613 1194 798 1236 balaena
830 1207 971 1235 meum
1003 1196 1178 1236 uorauit
1208 1195 1414 1247 nidulum,

361 1270 521 1309 Aurum
554 1272 683 1321 atque
714 1270 941 1319 argentum
972 1266 1047 1307 ubi
1079 1281 1202 1308 omne
1233 1271 1489 1321 conpactum
1521 1268 1634 1310 fuit?
1778 1281 1845 1315 535

953 1354 1252 1395 Charmides

362 1427 524 1469 Eadem
554 1427 628 1468 illa
660 1425 787 1468 credo
820 1440 931 1479 quae
963 1440 1102 1468 meum
1135 1428 1443 1480 marsuppium,

363 1499 486 1550 Quod
518 1499 689 1553 plenum
720 1498 887 1550 argenti
919 1498 1002 1540 fuit
1032 1499 1076 1540 in
1107 1500 1354 1553 sacciperio.

998 1586 1201 1627 Labrax

363 1657 493 1708 Eheu,
525 1658 727 1700 redactus
761 1672 855 1699 sum
889 1673 1022 1712 usque
1055 1659 1108 1699 ad
1140 1673 1267 1700 unam
1298 1658 1409 1700 hanc
1439 1659 1677 1700 tuniculam

364 1730 417 1771 Et
448 1730 503 1771 ad
534 1730 615 1771 hoc
646 1729 857 1771 misellum
891 1731 1090 1784 pallium3
1122 1731 1232 1784 perii
1264 1731 1435 1784 oppido.

905 1865 908 1868 ,
961 1822 1262 1864 Charmide-s·

365 1893 439 1933 Uel
473 1893 719 1935 consociare
750 1893 853 1934 mihi
885 1894 1055 1947 quidem
1086 1899 1228 1935 tecum
1260 1895 1379 1944 licet;
1780 1904 1848 1937 540

365 1965 533 2018 Aequas
565 1965 774 2006 habemus
806 1973 968 2019 partes.

1002 2057 1210 2099 Labraoe

906 2184 911 2189 μ
1041 2131 1203 2171 Saltem
1235 2131 1269 2170 si
1301 2129 1403 2170 mihi

362 2199 644 2242 Mulierculae
677 2206 820 2242 essent
853 2201 1014 2252 saluae,
1047 2217 1144 2255 spes
1177 2202 1348 2256 aliquae
1380 2201 1531 2243 forent.

361 2271 485 2312 Nunc
517 2273 552 2313 si
583 2287 649 2314 me
681 2273 934 2315 adulescens
966 2273 1244 2328 Plesidippus
1276 2274 1446 2325 uiderit,

362 2343 454 2393 Quo
488 2343 541 2385 ab
574 2344 827 2386 arrabonem
861 2360 935 2399 pro
968 2345 1198 2387 Palaestra
1228 2359 1489 2399 acceperam,

360 2415 452 2456 Iam
484 2416 521 2457 is
554 2415 775 2458 exhibebit
806 2417 875 2459 hic
908 2418 1010 2460 mihi
1043 2419 1276 2472 negotium.
1779 2428 1846 2462 545

473 2574 540 2608 529
565 2577 628 2608 aut
654 2575 859 2610 auscultaui
888 2576 938 2611 C>
1050 2579 1116 2611 530
1142 2577 1223 2611 Illic
1248 2576 1314 2611 Bc
1437 2577 1500 2610 531
1529 2575 1651 2610 alebas
1781 2575 1847 2611 532

363 2631 499 2664 bellula
526 2630 555 2665 O
648 2633 713 2666 533
739 2632 996 2667 deuoraturam
1024 2634 1058 2667 A
1157 2635 1225 2668 534
1251 2633 1395 2667 ballena
1418 2631 1465 2673 Β,
1490 2632 1637 2666 bellana
1664 2632 1693 2667 G
1781 2633 1847 2667 535

364 2699 507 2722 omnem
536 2687 565 2722 G
631 2690 695 2722 536
721 2690 958 2733 marsippium
984 2690 1019 2724 B
1101 2692 1167 2724 538
1193 2691 1285 2724 hanc
1312 2701 1419 2724 unam
1446 2689 1474 2724 O
1552 2691 1617 2723 539
1643 2689 1793 2734 Palpum
1821 2688 1851 2725 G

363 2746 429 2778 540
455 2744 642 2779 consciare
711 2761 715 2765 «
746 2747 812 2780 544
837 2747 867 2778 A
894 2757 964 2789 quo
994 2746 1022 2781 Ο
1124 2749 1189 2781 545
1215 2747 1294 2781 Iam
1320 2746 1529 2781 sexhibebit
1552 2745 1597 2789 B,
1622 2746 1694 2780 iam
1720 2757 1758 2781 se
1784 2758 1843 2781 ex·

362 2801 506 2836 hibebit
532 2801 561 2837 G
