2009 3218
352 186 433 225 554
1014 179 1173 218 Stichus.

350 309 520 348 tuendus
551 311 636 346 erat
665 321 848 347 numerus
880 309 1109 357 cyathorum
1140 311 1280 360 cuique
1319 309 1459 359 poculo
1490 310 1766 360 infundendus,
1796 325 1831 352 v.

351 377 460 415 Pers.
494 378 571 415 769
605 389 660 426 sq.
707 376 801 414 Hor.
836 376 907 415 Od.
939 376 1007 424 ΙΙΙ,
1019 378 1107 425 019,
1137 379 1199 416 12.
1230 378 1279 415 al.
1326 377 1481 415 Stichus
1512 377 1682 427 quinque
1712 379 1833 420 iubet.

349 445 395 482 In
426 457 510 482 eam
541 457 623 481 rem
655 443 769 481 affert
794 444 969 482 Graecum
1002 445 1256 495 proverbium
1281 446 1301 491 ἢ
1327 445 1428 481 πέντε
1454 446 1567 481 πίνειν
1597 446 1616 480 ἲ
1646 444 1712 495 τρί’
1742 448 1763 492 ἢ
1789 447 1837 495 μὴ

349 514 507 562 τέτταρα,
548 511 653 561 quod
684 511 853 550 afferunt
883 512 1083 550 Plutarch.
1116 512 1186 558 Qu.
1220 525 1328 550 conv.
1360 511 1430 559 III,
1464 513 1500 560 9,
1537 514 1570 550 1.
1630 512 1771 552 Athen.
1800 514 1838 552 X

350 593 388 629 p.
422 580 500 617 426
534 579 571 616 d.
631 578 743 617 Eust.
775 579 816 617 in
846 579 918 618 od.
950 593 987 629 p.
1025 581 1129 618 1624
1164 582 1284 627 extr.‚
1326 582 1508 617 contorte
1550 579 1757 619 admodum
1787 581 1837 620 ad

350 650 628 697 temperaturae
672 649 866 685 rationem
905 647 1141 694 referentes,
1198 660 1317 696 quum
1362 647 1594 696 simpliciter
1636 661 1837 688 numerum

351 715 579 764 cyathorum
609 714 758 752 indicet
788 717 871 753 sive
903 716 999 752 meri
1030 716 1111 752 sive
1136 715 1249 751 mixti
1274 715 1367 752 vini.
1429 714 1562 753 Graeca
1578 715 1721 763 Plauti,
1752 729 1837 766 quae

351 784 385 820 A
417 784 559 831 omisit,
592 784 714 820 ceteri
742 782 896 820 Latinis
926 783 1070 820 litteris
1101 782 1266 820 reddere
1298 783 1427 820 conati
1457 786 1568 830 sunt3
1608 783 1689 820 haec
1720 783 1838 823 fuisse

351 854 535 901 apparet:
573 852 593 896 ἢ
625 852 727 886 πέντε
758 850 829 886 πῖν’
863 852 883 896 ἢ
913 852 994 900 τρία
1026 849 1097 886 πῖν’
1130 851 1149 895 ἢ
1179 851 1226 897 μὴ
1255 851 1414 899 τέτταρα.
1483 850 1546 900 Sic
1583 863 1675 888 vero
1705 863 1838 890 versus

350 918 450 968 pede
480 918 637 968 longior
666 917 728 965 fit,
768 931 888 968 quare
920 918 965 955 R.
998 919 1109 968 prius
1141 921 1221 954 πῖνε
1253 919 1384 955 omisit
1414 919 1497 955 veri
1527 918 1694 956 similius
1725 931 1839 968 quam

352 986 458 1036 quod
488 987 528 1023 in
559 986 663 1023 notis
694 985 888 1035 significat
919 985 1004 1023 fieri
1041 998 1177 1035 posse,
1218 989 1263 1023 ut
1301 986 1517 1024 scribatur:
1569 984 1788 1033 „Cantiost:
1819 987 1840 1032 ἢ

352 1051 468 1092 cett.“
506 1073 553 1079 —
591 1055 683 1091 707.
732 1052 945 1101 Sangarius
985 1057 1173 1102 quantum
1214 1055 1294 1091 vini
1332 1055 1371 1091 in
1409 1053 1659 1102 propinando
1697 1053 1838 1103 hausit,

351 1125 506 1160 tantum
538 1134 646 1171 aquae
679 1120 854 1159 Stichum
884 1121 962 1158 sibi
992 1122 1122 1170 ipsum
1152 1118 1299 1159 indere
1327 1122 1455 1168 iubet,
1495 1122 1542 1159 cf.
1576 1123 1668 1160 759.
1723 1121 1839 1172 Epid.

355 1191 448 1227 630.
497 1189 581 1226 Cas.
603 1190 695 1226 227.
742 1189 862 1226 Mero.
882 1189 974 1227 202.
1040 1186 1292 1237 „decumum“
1323 1203 1368 1227 ex
1393 1190 1427 1226 A
1450 1189 1700 1237 Ritschelius‚
1731 1190 1841 1240 quasi

353 1257 554 1306 cyathum,
596 1259 640 1293 ut
671 1256 882 1306 Sangarius
912 1270 991 1294 non
1023 1259 1196 1307 quinque
1227 1257 1295 1294 sed
1327 1258 1459 1295 decem
1490 1257 1650 1306 cyathos
1681 1257 1756 1295 sibi
1784 1259 1841 1296 in-

353 1325 499 1363 fudisse
531 1328 741 1372 statuatur,
774 1337 907 1362 eorum
940 1328 1070 1362 autem
1096 1339 1214 1363 unum
1239 1325 1417 1374 ebibere,
1449 1338 1588 1363 novem
1609 1325 1840 1375 relinquere,

354 1393 459 1442 quod
498 1405 623 1442 neque
670 1405 834 1442 usquam
880 1392 1123 1441 significatur
1168 1407 1294 1444 neque
1341 1394 1498 1431 omnino
1550 1393 1656 1430 credi
1698 1395 1840 1443 potest.
1903 1404 1908 1409 ·
1982 1403 1988 1421 κ

353 1461 492 1510 Itaque
537 1458 749 1498 decumam
793 1461 957 1509 retinui,
1004 1465 1049 1498 ut
1089 1475 1128 1498 se
1169 1462 1369 1499 decumam
1407 1462 1702 1512 praesumpsisse
1739 1460 1843 1500 dicat

352 1542 428 1566 non
467 1532 686 1566 accuratam
724 1542 944 1566 mensuram
983 1530 1160 1567 indicans
1206 1529 1271 1567 sed
1318 1529 1433 1568 solito
1480 1529 1645 1578 ἀπαρχῆς
1688 1529 1842 1566 nomine

352 1600 480 1634 utens.
557 1593 673 1635 Fons
720 1601 849 1634 autem
886 1611 964 1635 non
1002 1597 1193 1635 naturalis
1233 1601 1311 1645 est,
1359 1597 1426 1635 sed
1463 1611 1532 1634 vas
1571 1598 1694 1634 maius
1735 1609 1842 1647 aquae

351 1665 662 1715 receptaculum,
717 1679 751 1702 v.
800 1665 926 1703 Casin.
979 1667 1069 1703 122.
1165 1665 1315 1703 Eodem
1369 1665 1483 1703 modo
1537 1665 1642 1715 apud
1689 1664 1842 1703 Graecos

353 1734 459 1783 κρήνη
492 1737 531 1770 et
561 1735 708 1782 κρουνὸς
739 1733 896 1781 dicitur,
929 1734 974 1771 cf.
1009 1734 1138 1771 Strab.
1163 1733 1232 1781 IX,
1263 1736 1296 1781 1,
1330 1736 1392 1772 19.
1430 1753 1483 1758 —
1522 1733 1583 1771 Ab
1621 1733 1694 1770 hoc
1730 1745 1843 1770 versu

354 1802 386 1838 A
419 1800 562 1839 deficit.
604 1821 660 1826 -
700 1802 791 1839 708.
832 1798 950 1839 Bene
979 1811 1058 1839 7203
1089 1805 1192 1848 cett„
1227 1802 1273 1839 cf.
1306 1802 1411 1839 Pers.
1446 1803 1545 1839 772:
1591 1801 1720 1850 „Bene
1750 1800 1843 1838 mihi

355 1867 486 1907 cett.“.
548 1869 623 1906 Hic
653 1870 899 1907 accusativus
929 1871 1091 1920 ponitur
1120 1873 1166 1906 ut
1196 1869 1324 1907 Tibul.
1345 1869 1394 1917 ΙΙ,
1422 1871 1455 1917 1,
1485 1871 1548 1907 31.
1604 1869 1841 1908 Ovid.Fast.

353 1936 403 1984 II,
438 1938 538 1984 6373
585 1937 752 1975 fortasse
784 1936 919 1974 Graece
953 1939 1028 1974 suit
1065 1939 1118 1974 Σὺ
1155 1938 1246 1986 Ιἧμιῖις
1280 1951 1331 1975 sc.
1374 1939 1550 1988 πράττειν.
1582 1957 1637 1962 —
1676 1938 1754 1975 709
1786 1949 1840 1987 sq.

356 2005 402 2042 R.
425 2008 516 2055 post
546 2006 623 2043 733
655 2007 799 2056 posuit,
832 2007 947 2043 nimIS
972 2005 1171 2043 audacter.
1234 2001 1354 2053 Bibe,
1386 2003 1424 2044 εἰ
1456 2002 1574 2052 bibis,
1605 2006 1722 2042 solita
1750 2004 1841 2042 hor-

354 2073 466 2110 tandi
496 2073 683 2122 formula,
717 2074 763 2111 cf.
799 2075 900 2112 716:
951 2074 1070 2123 „Age,
1104 2075 1137 2110 si
1170 2075 1264 2124 quid
1298 2071 1420 2124 agis“‚
1452 2087 1489 2111 v.
1521 2073 1570 2110 ad
1601 2072 1716 2122 Epid.
1753 2073 1842 2111 197.

354 2160 407 2165 —
440 2142 534 2179 710.
567 2138 621 2179 Id
650 2138 761 2180 abest
792 2144 895 2189 cett.,
928 2141 974 2179 cf.
1001 2141 1089 2179 Ter.
1115 2142 1237 2180 Andr.
1266 2143 1366 2179 848:
1405 2141 1467 2189 „id
1500 2143 1599 2178 enim
1632 2153 1726 2178 uero
1755 2139 1843 2178 hinc

355 2221 456 2246 nunc
488 2206 638 2246 abest“.
676 2228 724 2235 ·—
759 2211 852 2247 711.
895 2210 1050 2248 Stichus
1080 2214 1287 2260 postquam
1321 2210 1547 2248 cantharum
1581 2208 1725 2256 ebibit,
1756 2220 1842 2246 eum

355 2275 542 2326 Sangario
568 2277 703 2326 tradit,
736 2278 801 2327 qui
827 2278 957 2315 vinum
983 2277 1111 2316 habet.
1175 2278 1266 2315 Haec
1291 2279 1428 2315 verba:
1471 2272 1623 2316 Uinum
1654 2277 1696 2314 tu
1726 2270 1843 2314 habes

355 2345 401 2382 R.
433 2345 530 2381 mire
562 2344 751 2395 Sangario
781 2346 932 2383 tribuit.
965 2366 1019 2371 —
1053 2347 1144 2384 712.
1168 2343 1446 2395 pulpamenti,
1485 2359 1520 2383 v.
1554 2344 1602 2382 ad
1634 2344 1743 2382 Cure.
1778 2343 1841 2381 90.

349 2412 585 2462 ‚Respondet
623 2413 798 2460 Stichus,
846 2415 878 2452 si
916 2415 964 2451 iis
1003 2427 1089 2463 quae
1129 2415 1259 2451 adsint
1296 2427 1432 2464 parum
1473 2416 1677 2450 contentus
1710 2413 1762 2450 sit
1790 2429 1844 2436 -

357 2484 445 2517 sunt
482 2484 613 2517 autem
645 2493 731 2529 quae
762 2494 879 2531 supra
912 2482 990 2520 689
1023 2495 1081 2531 sq.
1113 2483 1355 2520 enumeravit
1385 2501 1452 2528 —,
1489 2481 1587 2518 nihil
1618 2493 1657 2517 se
1687 2478 1841 2517 habere.

356 2549 412 2586 Ac
429 2547 641 2597 Sangarius
659 2548 813 2598 quidem
841 2562 881 2586 se
906 2553 1133 2587 contentum
1161 2564 1242 2588 esse
1266 2549 1480 2599 respondet
1495 2563 1529 2586 v.
1552 2549 1650 2586 713:
1685 2542 1843 2598 Melius

359 2613 468 2663 dice,
514 2630 602 2654 nam
641 2620 708 2653 aut
746 2617 798 2652 sic
832 2617 1080 2655 scribendum
1111 2622 1171 2656 est
1202 2623 1270 2656 aut
1303 2615 1468 2664 „dixis“,
1511 2619 1555 2653 ut
1585 2615 1710 2653 voluit
1740 2613 1841 2651 Pius.

357 2684 438 2721 Iam
471 2683 600 2731 addit,
647 2696 688 2721 se
727 2697 774 2721 ne
813 2685 1026 2735 cuppedias
1058 2686 1212 2735 quidem
1247 2698 1402 2731 cural'e3
1449 2681 1670 2732 cuppedia,
1716 2681 1843 2719 neutri

359 2754 512 2802 generis
550 2752 686 2798 forma,
734 2756 860 2807 exstat
899 2754 1015 2790 etiam
1063 2753 1168 2803 Epit.
1211 2753 1313 2790 Fest.
1354 2766 1392 2802 p.
1435 2753 1508 2796 48,
1558 2751 1651 2789 alibi
1695 2759 1843 2799 semper

1975 2023 1987 2143 ζ*

1977 2144 1989 2279 Ξ

2001 2405 2003 2409 ,

1978 2407 1986 2442 ἱ

1976 2455 1989 2547 τε
