2009 3218
134 196 179 239 ΙΙ,
204 198 236 237 2.
261 197 394 230 59—75
743 194 991 229 Trinummue.
1531 197 1610 236 273

131 322 236 365 Nam
267 325 311 363 et
342 320 446 361 illud
480 319 593 374 quod
627 319 702 361 dat
735 319 877 373 perdit
908 323 951 360 et
981 318 1043 360 illi
1071 319 1215 373 prodit
1240 320 1375 361 uitam
1401 319 1456 360 ad
1487 320 1610 360 mise·

1071 404 1192 431 riam.

130 464 222 507 Non
256 478 305 505 eo
337 463 443 506 haec
474 463 591 513 dico,
632 463 733 517 quin
773 476 885 516 quae
923 467 970 504 tu
1009 462 1074 504 uis
1107 476 1184 516 ego
1218 462 1348 504 uelim
1381 468 1423 504 et
1454 462 1608 504 faciam

1074 533 1240 585 lubens,

129 606 211 650 Sed
242 621 321 661 ego
352 606 432 648 hoc
463 606 644 648 uerbum
677 619 805 660 quom
838 605 899 646 illi
934 605 1135 659 quoidam
1168 605 1276 655 dico,
1311 610 1609 660 praemonstro

136 675 146 686 ⁸
1073 676 1167 727 tibi,

133 750 188 794 Ut
217 751 277 792 ita
308 755 349 793 te
382 750 563 792 aliorum
597 750 855 798 miserescat,
889 764 940 792 ue
973 749 1028 791 tis
1060 748 1168 790 alios
1201 749 1416 792 misereat.

730 839 995 893 Lysiteles

129 914 334 956 Deserere
366 913 486 955 illum
518 918 560 954 et
593 911 797 954 deiuuare
830 915 871 954 in
904 913 1033 954 rebus
1064 912 1263 954 aduorsis
1296 912 1440 966 pudet.
1543 924 1610 958 345

782 1003 957 1044 Philto

129 1076 204 1119 Pol
234 1075 397 1131 pudere
429 1089 557 1131 quam
591 1076 737 1129 pigere
770 1079 965 1129 praestat
997 1076 1180 1118 totidem
1211 1076 1378 1119 litteris.

735 1166 1000 1219 Lysiteles

130 1237 293 1293 Edepol
325 1238 449 1280 deum
481 1239 643 1280 uirtute
676 1239 830 1283 dicam.
861 1244 997 1293 pater,
1032 1243 1075 1281 et
1106 1239 1315 1280 maiorum
1348 1242 1391 1280 et
1421 1243 1496 1280 tua

130 1310 274 1352 Multa.
295 1309 410 1352 bona
441 1310 548 1352 bene
581 1317 707 1364 parta
737 1310 966 1363 habemus;
999 1310 1108 1353 bene
1142 1311 1177 1353 si
1209 1311 1347 1354 amico
1379 1309 1544 1360 feceris,

130 1381 192 1424 Ne
223 1383 367 1436 pigeat
398 1382 570 1432 fecisse;
595 1379 649 1424 'ut
680 1383 826 1437 potius
859 1382 1030 1437 pudeat,
1062 1383 1095 1424 si
1128 1396 1212 1424 non
1243 1383 1406 1425 feceris.

792 1472 965 1514 Philto

130 1543 192 1585 De
223 1545 388 1597 magnis
421 1545 587 1587 diuitiis
620 1547 654 1587 si
688 1545 790 1600 quid
824 1545 980 1595 demas,
1013 1544 1107 1599 plus
1139 1545 1187 1587 fit
1217 1559 1271 1587 an
1302 1546 1476 1588 minus?
1545 1557 1613 1591 350

731 1635 1004 1689 Lysiteles

131 1707 280 1757 Minus,
313 1712 455 1761 pater3
489 1708 563 1750 sed
596 1709 678 1749 ciui
711 1709 875 1749 inmuni
909 1708 997 1749 scin
1030 1708 1134 1762 quid
1167 1709 1333 1750 cantari
1366 1709 1503 1751 solet?

129 1777 253 1828 Quod
269 1779 402 1821 habes
421 1794 471 1821 ne
490 1780 652 1822 habeas
669 1785 713 1822 et
738 1779 852 1829 illuc,
878 1779 991 1834 quod
1016 1793 1101 1822 non
1119 1779 1266 1831 habes,
1285 1780 1447 1823 habeas
1466 1781 1609 1830 uelim,

130 1848 310 1900 Quando
342 1852 538 1906 equidem
573 1867 652 1894 nec
683 1852 762 1893 tibi
788 1852 896 1893 bene
921 1866 1013 1894 esse
1041 1857 1164 1906 potes
1189 1853 1279 1907 pati
1305 1867 1445 1907 neque
1473 1853 1610 1895 alteri.

780 1943 957 1984 Philto

131 2011 224 2054 Scio
254 2014 452 2068 equidem
484 2016 595 2056 istuc
626 2016 688 2056 ita
719 2016 857 2056 solere
889 2014 1003 2066 fieri3
1033 2029 1195 2066 uerum,
1228 2019 1358 2067 gnate
1390 2016 1461 2066 mi,

131 2081 172 2126 Is
195 2089 260 2127 est
281 2086 479 2131 inmunis,
512 2088 614 2141 quoi
645 2086 750 2128 nihil
775 2092 839 2129 est
865 2089 939 2141 qui
965 2101 1117 2129 munus
1142 2086 1350 2141 fungatur
1373 2101 1509 2130 suum.
1544 2099 1611 2132 355

734 2181 791 2222 Lv
815 2181 862 2221 ,si
875 2182 1005 2223 Celes

132 2249 265 2293 Deum
296 2253 457 2295 uirtute
489 2253 696 2296 habemus
729 2196 875 2306 etdqm
907 2259 1076 2295 nosmet
1107 2257 1293 2303 utamur,
1324 2259 1459 2308 pater,

132 2320 188 2364 Et
216 2323 312 2366 aliis
342 2326 416 2377 qui
448 2327 640 2367 comitati
674 2326 808 2367 simus
840 2325 1211 2367 bene-uolentibus.

242 2483 304 2517 841
331 2483 501 2527 producit
520 2482 589 2517 BC
688 2485 753 2517 343
778 2487 1006 2527 praemostro
1031 2482 1067 2517 Β
1172 2484 1238 2518 344
1261 2483 1416 2520 Miseres
1441 2495 1531 2520 cane
1557 2486 1612 2520 tui

133 2536 224 2572 alins
246 2537 292 2581 B,
317 2539 467 2574 Miser-ee
493 2552 582 2574 caue
610 2540 661 2573 tui
688 2539 768 2574 aliis
794 2540 822 2574 C
918 2541 984 2574 346
1009 2539 1086 2574 Pob
1111 2539 1147 2574 Β
1256 2541 1322 2575 347
1347 2542 1520 2577 uirtutem
1546 2542 1615 2577 BC

133 2593 200 2629 848
222 2596 325 2639 paria
348 2595 546 2630 habeamu-
572 2596 642 2631 BC
709 2598 775 2631 350
800 2597 875 2640 quit
906 2597 948 2635 A.
975 2597 1025 2630 sit
1049 2596 1078 2630 G
1145 2597 1328 2632 animinue
1352 2598 1397 2642 B,
1424 2600 1565 2634 animus
1585 2599 1616 2635 G

133 2649 196 2685 861
222 2652 360 2686 inmimi
389 2652 435 2694 C:
461 2653 601 2688 addunt
632 2652 863 2687 inmunificos
890 2652 955 2687 BC
1052 2653 1123 2687 scie
1148 2652 1215 2688 BC
1304 2656 1370 2690 352
1394 2656 1485 2690 illud
1511 2657 1610 2700 quod

134 2716 231 2742 nunc
254 2719 328 2743 non
352 2709 420 2745 BG
486 2710 594 2745 uelim
623 2710 755 2744 malum
775 2710 820 2749 A,
846 2710 981 2744 malum
1003 2709 1048 2753 B,
1074 2711 1169 2745 malo
1192 2710 1221 2746 0
1286 2713 1352 2746 353
1377 2712 1523 2756 quidem
1546 2712 1615 2748 ΒΟ

222 2768 308 2808 pote
333 2765 366 2799 A
461 2778 525 2801 uec
551 2766 619 2801 BC
707 2768 772 2801 355
796 2766 916 2800 minus
940 2765 1008 2800 BC

269 2835 304 2863 V.
1265 2841 1308 2875 18
