2009 3218
1899 157 1933 180 ⁴5¹ss

349 199 428 237 574
967 195 1211 232 Trinummus.
1884 181 1937 254 {L

347 323 508 367 unctor,
557 323 719 372 aliptes,
760 324 806 361 of.
840 324 939 362 Plin.
982 325 1027 362 H.
1060 325 1106 363 N.
1139 326 1289 373 XXIX,
1330 328 1367 365 4.
1400 329 1516 364 inser.
1551 327 1670 365 Orell.
1705 329 1826 367 2791.
1892 285 1937 378 ξ

349 392 482 429 6369.’
517 391 638 428 6528.
695 411 738 415 -
791 387 1055 441 flabellifera,
1109 407 1195 443 quae
1247 394 1431 431 fabellum
1477 394 1576 440 fert,
1630 396 1677 433 cf.
1723 396 1827 435 Mar·
1921 390 1926 398 ’

346 458 500 508 quardt.
534 458 644 495 Rom.
676 458 883 497 Privatalt.
915 460 933 497 I
963 473 1001 510 p.
1040 463 1134 508 155,
1167 458 1493 512 sandaliyerula‚
1525 475 1611 512 quae
1641 463 1827 512 sandalia,
1903 453 1920 502 f

346 527 428 563 haec
458 527 558 562 enim
598 527 636 562 in
673 526 952 566 discumbendo
983 529 1199 578 ponebant,
1237 530 1283 567 cf.
1316 529 1442 578 Marq.
1475 530 1584 568 Ro'm.
1618 530 1825 570 Privatalt.
1919 574 1922 579 ¹

346 593 383 630 II
412 607 450 643 p.
487 595 577 630 196.
652 593 838 644 Stephani
870 595 1030 646 Compte
1068 597 1190 634 rendu
1222 596 1269 633 de
1304 596 1360 634 St.
1393 597 1570 635 Petersb.
1609 599 1825 638 1878—79
1900 597 1938 635 -ὐ

347 663 398 711 pl.
425 661 489 706 vi,
521 675 559 711 p.
589 662 665 698 142
689 675 746 711 sq.
780 682 828 688 -
864 665 957 702 253.
989 661 1296 711 cistellam-iae&
1330 666 1368 701 in
1398 666 1556 703 vasibus
1585 667 1700 715 pictis
1731 667 1828 705 nihil
1899 651 1933 714 'fif'

345 730 586 778 frequentius
618 734 676 767 est
708 743 823 779 quam
855 733 1002 769 ancillae
1034 746 1118 769 curn
1151 732 1323 769 cistellis.
1366 751 1416 758 —
1457 734 1549 770 254.
1590 731 1738 778 comis,
1777 735 1825 774 cf.
1929 722 1937 729 θ

347 796 446 834 Rud.
482 798 545 834 38.
588 816 635 822 -
678 798 757 852 256
791 812 837 836 ex
868 799 900 836 A
932 799 1074 837 editus.
1142 810 1232 858 qum
1263 797 1401 838 animo
1431 810 1537 848 meo,
1580 801 1625 839 cf.
1659 802 1706 839 ad
1738 802 1826 840 Aul.

348 866 440 902 707.
481 885 536 889 —
582 866 673 903 257.
730 862 809 905 Ubi
846 865 936 916 qui,
983 881 1102 917 quum
1142 869 1247 917 quis3
1295 868 1357 906 ΒΓ.
1390 868 1540 906 confert
1579 868 1700 906 Stich.
1736 870 1825 908 182.
1893 859 1916 914 ,¹2

347 931 486 970 Pseud.
517 934 609 970 684.
638 952 687 959 —
717 935 809 971 259.
842 933 976 972 amari
992 936 1037 973 R.
1085 936 1220 973 tamen
1238 937 1281 973 A.
1302 956 1354 961 ——
1372 937 1463 974 260.
1492 936 1656 986 aeyrest
1686 937 1825 987 Bergk.
1910 934 1942 979 ,Ἴ

346 1021 401 1026 —
427 1001 519 1038 261.
551 999 707 1050 fuyitat
730 1002 910 1052 Spengel.
937 1003 1131 1041 Reformv.
1160 1018 1198 1054 p.
1219 1005 1310 1041 238.
1365 1014 1463 1042 suo-S·
1486 1005 1531 1042 A.
1592 1005 1651 1042 Ab
1684 1018 1827 1051 amore,
1897 1004 1916 1058 ἰ

346 1070 413 1118 qui
443 1070 658 1119 superioris
696 1072 898 1108 sententiae
939 1071 1155 1108 subiectum
1187 1077 1284 1117 erat,
1320 1072 1368 1109 ad
1399 1077 1591 1110 amantem
1614 1076 1826 1120 transitum
1891 1087 1929 1119 ξς.

347 1138 584 1174 constructio
616 1139 703 1174 κατὰ
735 1139 894 1185 σύνεσιν,
925 1141 972 1176 cf.
1004 1139 1054 1175 ad
1084 1139 1166 1176 Mil.
1205 1140 1293 1177 187.
1326 1160 1381 1166 —-
1419 1142 1511 1178 262.
1555 1136 1723 1190 Fusyant
1749 1139 1828 1190 ipsi
1887 1142 1920 1174 ss'

346 1203 474 1243 istum
506 1202 554 1243 ab
587 1206 768 1255 Spengel.
801 1227 854 1231 —
896 1208 988 1245 265.
1034 1202 1305 1245 abhz'bendust
1334 1209 1553 1255 Acidaliae,
1595 1209 1700 1258 quod
1740 1222 1825 1246 cum
1902 1217 1907 1219 “

347 1274 479 1311 Brixio
512 1274 675 1322 aliisque
707 1277 849 1324 recepi,
883 1288 1117 1324 quamquam
1151 1289 1225 1313 vox
1257 1276 1349 1312 alibi
1381 1290 1458 1314 non
1489 1281 1639 1323 exstat;
1671 1276 1716 1314 R.
1738 1276 1826 1324 „ab-
1894 1265 1922 1326 5⁵*

348 1341 536 1379 dendus“.
598 1338 828 1380 abstandus
859 1344 903 1389 A,
935 1344 981 1380 cf.
1015 1343 1186 1381 Glossar.
1221 1344 1352 1382 Loew.
1379 1345 1519 1381 Annal.
1545 1344 1640 1394 phil.
1672 1344 1759 1382 CXI
1787 1357 1824 1395 p.
1894 1359 1923 1390 .',-

349 1410 442 1447 534.
503 1409 618 1459 Epid.
639 1411 708 1447 77:
748 1411 970 1461 „pereunda
995 1409 1092 1457 est“,
1125 1411 1191 1448 ubi
1215 1413 1291 1449 vid.
1311 1432 1364 1437 ——
1392 1414 1484 1450 266.
1516 1408 1560 1450 in
1585 1422 1764 1450 amorem
1779 1412 1824 1451 A.
1903 1399 1912 1407 θ

347 1498 401 1504 ·-
434 1479 525 1515 267.
558 1488 682 1528 quam
711 1475 751 1515 si
782 1479 814 1515 A
846 1482 885 1515 et
915 1483 1004 1516 cett.
1037 1479 1160 1524 codd,
1191 1480 1259 1516 sed
1293 1478 1452 1529 .,quasi“
1478 1480 1824 1530 pronuntiandum,

347 1559 383 1582 v.
417 1546 467 1583 ad
498 1547 638 1596 Amph.
675 1548 792 1589 1094,
826 1548 871 1584 ef.
905 1547 1062 1584 Trucul.
1096 1548 1187 1585 338.
1221 1567 1276 1572 --
1305 1557 1417 1594 saxo,
1449 1550 1473 1585 i.
1499 1563 1530 1586 e.
1564 1548 1610 1585 de
1641 1562 1747 1594 saxo,
1778 1548 1825 1586 cf.

349 1614 397 1650 ad
429 1614 546 1651 Stich.
584 1616 675 1652 360.
722 1615 862 1665 Amph.
897 1616 989 1652 213.
1029 1635 1083 1640 —
1123 1616 1215 1653 268.
1256 1614 1401 1665 Apaye
1434 1616 1470 1654 te
1500 1617 1534 1652 A
1563 1616 1708 1653 litteris
1737 1629 1827 1666 par·

348 1683 419 1719 tim
451 1683 614 1730 Graecis;
659 1685 819 1732 „Apage
850 1682 925 1720 sis“
962 1687 1184 1720 ceterorum
1215 1684 1460 1734 archetypus,
1500 1684 1618 1733 idque
1649 1683 1845 1721 Donatus·

348 1751 487 1800 legisse
533 1751 688 1788 videtur
724 1752 771 1788 ad
811 1751 898 1788 Ter.
939 1751 1036 1789 Eun.
1080 1753 1161 1789 756
1198 1747 1256 1800 (4,
1301 1753 1345 1798 6,
1390 1751 1475 1798 18);
1536 1752 1694 1801 „Apage
1736 1749 1826 1797 sis“‚

349 1821 526 1868 quamvis
557 1822 596 1856 in
630 1819 827 1857 afferendo
860 1819 988 1856 Plauti
1020 1820 1104 1857 loco
1134 1818 1234 1864 „sis“
1263 1821 1431 1857 omittat.
1458 1839 1512 1844 ·-—-
1536 1820 1628 1858 tuas
1657 1829 1722 1857 res
1754 1815 1828 1857 tibi

349 1883 510 1934 habeto,
551 1888 734 1925 solemnis
766 1889 804 1924 in
837 1888 1007 1924 divortio
1046 1887 1225 1932 formula,
1266 1887 1312 1924 cf.
1346 1887 1485 1936 Amph.
1519 1889 1612 1925 921.
1647 1906 1696 1913 -
1736 1887 1826 1926 269.

352 1956 499 2005 tamen,
541 1957 599 1993 vel
637 1957 670 1992 si
701 1970 723 1992 a
755 1968 812 1991 me
841 1959 1049 2005 temperas.
1091 1975 1143 1980 -
1180 1951 1358 1992 ‘misero-S·
1388 1952 1591 2003 maleque3
1632 1954 1736 2005 quod
1767 1967 1828 1992 co·

349 2025 530 2074 pulativa
569 2024 791 2061 coniunctio
831 2023 1068 2060 adiectivum
1107 2028 1146 2060 et
1184 2023 1410 2060 adverbium
1456 2025 1676 2073 coniungit,
1724 2022 1827 2060 Brix.

351 2092 464 2129 affert
505 2092 639 2129 Bacch.
673 2093 766 2129 471.
835 2091 937 2129 Men.
975 2093 1092 2129 1053.
1153 2091 1237 2128 Mn.
1271 2092 1364 2129 717.
1425 2091 1566 2129 Pseud.
1613 2092 1705 2128 111.
1737 2089 1828 2128 596.
1973 2069 1976 2106 '—

352 2162 445 2198 690.
494 2160 588 2197 Sall.
612 2159 695 2209 Iug.
723 2161 758 2206 5,
793 2160 836 2196 4:
882 2172 1086 2208 „magnum
1119 2173 1162 2196 ac
1193 2160 1271 2196 late
1301 2159 1506 2209 imperium
1538 2156 1700 2196 valuit“.
1752 2156 1828 2195 Cic.
1971 2155 1977 2172 “·

351 2228 462 2266 Tusc.
496 2228 539 2272 V,
574 2230 609 2275 2,
645 2230 686 2265 5:
737 2227 833 2274 „tibi
871 2239 940 2264 nos
979 2228 1136 2277 penitus
1176 2231 1358 2276 totosque
1387 2223 1621 2264 tradimus“.
1651 2244 1707 2251 -
1737 2225 1827 2263 276.

351 2293 486 2346 maqis
505 2327 511 2333 .
532 2326 538 2332 .
560 2292 743 2343 .pot2‘u.5·,
768 2296 816 2332 cf.
835 2296 883 2332 ad
900 2296 1008 2332 Asin.
1028 2296 1120 2332 682.
1147 2315 1201 2321 ——
1227 2296 1320 2333 277.
1354 2294 1464 2340 Quod
1489 2295 1528 2331 in
1545 2293 1576 2331 B
1593 2293 1683 2331 huic
1704 2292 1831 2330 versui

353 2364 443 2401 addi
481 2365 638 2401 videtur
678 2363 764 2409 LX,
813 2362 1046 2400 Ritschelius
1087 2363 1195 2412 praef.
1226 2376 1264 2412 p.
1298 2361 1403 2400 LXV
1441 2361 1490 2398 ad
1527 2361 1829 2398 stichometriam
1970 2392 1971 2396 ,
2002 2390 2003 2393 ,

352 2432 546 2481 quandam
585 2432 721 2477 refert,
766 2434 810 2468 ut
848 2431 1063 2480 superioris
1101 2443 1225 2467 scenae
1267 2443 1401 2468 versus
1435 2430 1503 2467 LX
1533 2429 1652 2466 fuisse
1683 2426 1828 2478 signifi·
1901 2447 1909 2456 .

353 2504 481 2542 cetur,
529 2500 703 2548 quamvis
743 2498 863 2536 codex
894 2503 1047 2536 tantum
1079 2497 1205 2535 LVIII
1237 2499 1474 2548 perscriptos
1505 2498 1666 2542 habeat;
1713 2495 1830 2546 Spen·
1902 2539 1919 2556 ρ
1973 2548 1978 2556 ⁸

351 2568 475 2617 gelius
521 2572 658 2604 contra
702 2568 809 2616 praef.
841 2579 878 2615 p.
911 2566 943 2602 V
974 2580 1030 2616 sq.
1074 2565 1244 2603 affirmat
1285 2567 1447 2603 alteram
1488 2566 1660 2602 litteram
1699 2575 1777 2601 non
1805 2574 1831 2599 x
1907 2589 1911 2596 .

352 2635 420 2672 sed
451 2649 476 2685 y
507 2647 600 2682 esse,
633 2638 677 2671 ut
706 2647 778 2683 pro
810 2635 924 2671 initio
955 2634 1123 2671 nominis
1153 2634 1336 2681 Lysitelis
1368 2638 1460 2670 nota
1490 2631 1678 2682 capienda
1706 2633 1767 2669 sit.

464 2703 597 2740 Titulo
628 2702 799 2739 litteram
833 2701 873 2748 C,
906 2703 928 2739 i.
951 2715 980 2739 e.
1008 2703 1201 2739 canticum
1233 2698 1287 2748 (v.
1315 2700 1463 2750 Proleg.
1490 2715 1527 2750 p.
1558 2696 1653 2748 172)
1683 2697 1832 2736 addunt
1878 2718 1898 2750 ·.'

307 2762 311 2766 ⁴
353 2771 425 2809 BC.
493 2770 753 2808 Continuatur
778 2782 1040 2807 humerorum
1079 2771 1260 2807 varietas.
1319 2770 1396 2806 278
1436 2772 1474 2806 et
1514 2769 1563 2805 79
1604 2768 1831 2804 tetrameter
1892 2814 1893 2817 Ἰ
