2009 3218
151 161 213 204 IV.
237 162 269 206 2,
294 162 416 203 58—3,
448 161 489 194 12
771 161 1028 197 Truculeutus.
1559 166 1639 203 393

149 286 271 330 Meus
301 286 373 341 qui
406 285 563 327 adfinis
594 285 689 330 fuit.
723 285 906 327 ancillas
939 287 1046 328 «luas
1079 288 1339 329 constrictas
1371 288 1544 330 (lucere.

151 358 342 401 Alteram
375 358 625 398 tonstricem
661 358 801 399 liuius.
833 357 1015 399 alteram
1050 360 1251 400 ancillam
1286 374 1421 401 suani.

150 429 374 480 Pertimui3
409 435 638 483 postquam
672 444 757 470 uua
788 443 892 471 cura
923 444 998 471 cor
1031 445 1167 472 meum
1204 432 1338 472 mouit
1372 432 1510 481 inodo.

149 501 296 544 Timeo
343 516 395 542 ne
429 500 658 542 malefacta
688 502 870 556 antiqua
905 516 998 543 mea.
1030 503 1115 544 sint
1146 504 1325 544 inuenta
1356 505 1512 546 ouinia.

355 755 539 798 SENEX
625 754 909 798 ANCILLAE
941 757 981 798 II
1067 756 1437 800 ADULESCENS
1612 760 1643 802 C

765 869 1031 913 Callicles

153 943 272 997 Egon
305 943 383 984 tibi
418 943 527 984 male
561 943 700 984 (licam
734 950 808 985 aut
839 944 919 985 tibi
950 949 1081 998 atque
1124 944 1231 986 male
1272 945 1420 995 uelim,
1468 952 1513 986 ut
1553 948 1642 987 ani-

1102 1031 1194 1058 mus
1225 1018 1396 1058 meust?
1577 1031 1644 1063 7⁴35

153 1086 290 1141 Prope
330 1087 500 1129 niodum
540 1092 744 1141 expertae
784 1089 908 1138 estis,
955 1103 1082 1142 quam
1122 1103 1201 1143 ego
1241 1090 1321 1130 sim
1365 1091 1480 1131 mitis
1526 1097 1643 1132 tran-

573 1167 578 1173 ’
1101 1161 1348 1216 quillusque
1380 1161 1520 1203 homo.

154 1233 353 1285 Rogitaui
386 1246 464 1285 ego
498 1247 575 1274 uos
608 1232 864 1274 uerberatas
895 1232 1043 1275 artabas
1077 1233 1308 1287 pendentis
1341 1234 1481 1275 simul.

151 1303 428 1354 Conniemini‚
460 1320 544 1358 quo
578 1305 768 1359 quidque
803 1312 929 1359 pacto
962 1306 1057 1347 sitis
1089 1305 1333 1357 confess-(103
1367 1308 1471 1349 scio.

153 1376 232 1418 Hic
263 1390 374 1418 nunc
407 1376 505 1418 uolo
539 1378 659 1427 scire,
693 1377 843 1418 eodem
876 1384 1035 1431 pacton
1067 1378 1158 1418 sine
1192 1378 1305 1419 malo
1338 1379 1576 1420 fateamini.

152 1447 420 1502 Quamquam
439 1463 515 1491 uos
534 1449 758 1491 colubrino
777 1450 949 1502 ingenio
968 1449 1123 1491 ambae
1143 1451 1260 1500 estis,
1281 1451 1403 1492 edico
1422 1452 1541 1505 prius
1575 1464 1644 1497 770

152 1523 210 1562 Ne
241 1520 425 1574 duplicis
458 1521 658 1563 habeatis
690 1521 874 1574 linguas,
907 1537 957 1562 ne
990 1536 1068 1574 ego
1102 1522 1306 1576 bilinguis
1339 1538 1416 1564 uos
1448 1537 1610 1565 necem.

150 1592 243 1635 Nisi
275 1594 307 1635 si
340 1593 395 1635 ad
428 1594 742 1635 tintinnaculos
775 1594 908 1636 uoltis
941 1608 1019 1636 uos
1051 1594 1174 1636 educi
1208 1597 1339 1637 uiros.

785 1697 1000 1738 Ancilla

156 1768 226 1811 Uis
258 1769 418 1822 subigit
450 1784 600 1811 uerum
633 1770 778 1821 fateri3
811 1771 873 1812 ita
903 1770 998 1811 lora
1029 1769 1208 1811 laedunt
1242 1770 1429 1812 brachia.

764 1871 1026 1914 Callicles

151 1944 205 1985 At
234 1945 268 1985 si
300 1959 449 1986 uerum
481 1945 584 1986 mihi
618 1946 740 1987 eritis
773 1944 926 1989 fassae.
958 1945 1110 1986 uinclis
1142 1945 1435 1987 exsoluemini.

730 2047 1062 2089 Diniarchus

152 2118 292 2161 Etiam
323 2134 435 2162 nunc
467 2121 571 2174 quid
605 2122 660 2161 sit
694 2123 851 2174 negoti,
883 2119 1020 2161 falsus
1052 2121 1329 2174 incertusque
1363 2135 1468 2170 Sum,
1576 2134 1643 2167 775

150 2191 242 2233 Nisi
275 2193 378 2246 quia
408 2194 539 2234 time«)
573 2198 714 2234 tamen
749 2207 828 2247 ego
860 2192 976 2242 ηιίΙιὶ,
1010 2196 1053 2234 et
1084 2192 1200 2246 quod
1235 2194 1412 2246 peccaui
1443 2195 1542 2235 scio.

261 2352 419 2400 761-62
443 2353 586 2387 inverso
611 2352 739 2387 ordine
828 2352 893 2384 761
920 2351 1066 2394 Meusq;
1149 2350 1219 2385 fuit
1244 2361 1310 2386 om.
1335 2352 1370 2386 B
1462 2353 1528 2387 '763
1553 2365 1643 2388 cura

150 2417 215 2442 om.
238 2407 274 2442 B
363 2409 432 2443 764
456 2421 501 2443 ne
527 2421 584 2443 m·-
612 2409 808 2444 malefacta
902 2408 980 2442 sine
1072 2408 1221 2442 inuenia
1244 2399 1287 2450 B,
1312 2409 1499 2443 inueniam
1527 2410 1555 2444 C

153 2463 263 2500 ntuli
286 2467 446 2510 spatium
470 2471 577 2501 vacat
602 2466 631 2500 Ο
715 2468 782 2500 765
808 2465 892 2499 adte
987 2465 1109 2498 animu
1135 2464 1182 2504 B,
1208 2465 1331 2500 animo
1359 2465 1387 2500 C
1471 2471 1592 2501 meost
1618 2467 1648 2501 Ο

150 2522 217 2557 ’166
238 2529 387 2567 experte
412 2522 458 2567 Β,
484 2535 528 2558 ex
553 2527 656 2567 parte
684 2523 712 2558 Ο
781 2523 908 2556 essetis
980 2522 1118 2556 similes
1145 2522 1364 2566 tranquillus
1391 2535 1506 2567 usque
1576 2526 1642 2558 767

68 2577 91 2620 ’ζ
152 2569 377 2614 dei-berautis
446 2582 512 2615 bus
526 2580 573 2624 B,
599 2581 664 2615 has
680 2580 708 2615 C
774 2582 842 2614 768
867 2580 1063 2624 quicquam
1135 2581 1202 2613 769
1225 2584 1336 2623 pacto
1408 2582 1475 2615 770
1500 2581 1643 2615 coluhm'

72 2648 95 2667 Δ
152 2646 225 2671 non
323 2639 386 2672 771
414 2637 551 2672 habeas
580 2638 609 2672 C
702 2638 866 2680 linguam
964 2637 1014 2670 ibi
1041 2636 1175 2680 linguis
1275 2637 1342 2670 '772
1367 2637 1454 2672 Ncsi
1480 2638 1511 2671 si
1603 2641 1642 2671 at

78 2734 106 2750 θ’
151 2692 390 2729 tintinaculos
415 2694 451 2729 B
522 2695 588 2729 773
614 2695 763 2737 sulwgit
832 2694 1008 2728 bracchia
1025 2693 1061 2727 B
1129 2695 1195 2728 774
1219 2693 1278 2727 Ad
1350 2694 1466 2728 uineis
1493 2695 1642 2729 exsolue

151 2749 236 2785 mihi
307 2753 375 2786 775
399 2763 598 2796 numquam
673 2752 760 2786 fassi
787 2751 1042 2795 niuem-tuaque
1113 2752 1180 2785 776
1201 2762 1271 2795 ego
1292 2755 1354 2785 net
1367 2750 1412 2794 Β,
1441 2762 1510 2794 ego
1534 2750 1646 2786 necC'
