2009 3218
394 234 443 272 16
1067 228 1186 262 Plauti
1624 228 1652 270 Ι,
1679 229 1709 270 3,
1735 228 1868 262 65-77

1025 352 1230 395 Saturio

390 426 556 476 Quaeso
587 425 745 475 hercle,
775 439 841 466 me
873 439 1041 479 quoque
1073 425 1200 466 etiam
1233 425 1407 476 uendas,
1439 426 1474 466 si
1505 424 1636 473 lubet,

389 498 499 539 Dum
532 502 725 539 saturum
756 496 932 538 uendas.

1020 602 1238 644 Toxilus

984 673 1074 715 Hoc
1104 674 1139 715 si
1170 673 1391 723 facturu's,
1422 673 1528 714 face.

1020 782 1237 824 Saturio

386 857 561 898 Faciam
595 856 806 910 equidem,
838 869 946 908 quae
978 856 1056 896 uis.

1020 964 1236 1006 Toxilus
1274 972 1287 988 ⁸
1614 1013 1618 1016 N

1012 1035 1126 1078 Bene
1156 1034 1275 1077 facis.
1337 1035 1539 1088 Propera,
1572 1034 1642 1076 abi
1674 1033 1867 1085 domum3

325 1151 338 1155 ,,
387 1110 695 1151 Praemonstra
727 1107 864 1159 docte,
900 1108 1100 1162 praecipe
1132 1111 1230 1148 astu
1261 1106 1388 1157 filiae,

387 1181 497 1232 Quid
529 1180 760 1231 fabuletur,
792 1180 866 1222 ubi
897 1193 941 1221 se
971 1183 1119 1220 natam
1149 1178 1384 1233 praedicet,
1807 1190 1871 1223 150

388 1253 468 1303 Qui
501 1253 581 1295 sibi
614 1256 815 1307 parentes
847 1251 1020 1301 fuerint,
1051 1250 1163 1291 unde
1195 1255 1398 1304 surrupta
1429 1251 1504 1300 sit;

388 1324 472 1367 Sed
502 1325 628 1377 longe
658 1324 713 1365 ab
746 1323 926 1365 Athenis
959 1337 1048 1365 esse
1081 1336 1125 1364 se
1155 1327 1332 1377 gnatam
1363 1327 1578 1373 autumet3

387 1396 443 1438 Et
471 1401 519 1438 ut
549 1395 720 1446 adfleat‚
752 1409 882 1450 quom
913 1409 963 1437 ea
994 1399 1209 1437 memoret.

1020 1516 1243 1558 Saturio

1271 1588 1413 1629 Etiam
1445 1592 1491 1628 tu
1522 1588 1668 1628 taces?

389 1662 472 1703 Ter
501 1665 624 1703 tanto
655 1661 775 1714 peior
805 1661 898 1713 ipsa
930 1663 1006 1710 est,
1038 1673 1166 1713 quam
1199 1660 1318 1700 illam
1349 1664 1395 1700 tu
1428 1673 1522 1700 esse
1553 1659 1631 1700 uis.

1022 1780 1241 1822 Toxilus

389 1855 551 1909 Lepide
582 1854 724 1895 hercle
758 1854 875 1895 dicis.
939 1852 1021 1894 Sed
1054 1854 1156 1903 scin,
1192 1853 1297 1906 quid
1325 1851 1488 1894 facias?
1547 1851 1661 1906 Cape
1808 1863 1872 1897 155

388 1926 596 1968 Tunicam
627 1930 757 1979 atque
788 1939 952 1976 zonam,
986 1929 1028 1966 et
1059 1924 1325 1978 chlamydem
1358 1924 1525 1966 adferto
1557 1928 1599 1965 et
1629 1937 1840 1975 causeam,

390 1999 525 2049 Quam
558 1997 630 2039 ille
662 1998 832 2047 habeat,
866 1998 938 2050 qui
969 1997 1079 2038 hanc
1110 1996 1253 2038 lenoni
1285 1995 1386 2036 huic
1417 1996 1590 2037 uendat.

1023 2105 1240 2147 Saturio

1071 2164 1078 2173 “
1626 2175 1691 2217 Eu
1722 2174 1868 2230 probe.

1022 2271 1240 2313 Toxilus

391 2347 523 2397 Quasi
555 2347 611 2387 sit
641 2346 906 2399 peregrinus.

1022 2453 1238 2495 Saturio

966 2524 1124 2566 Laudo.

505 2677 567 2710 146
594 2678 633 2710 ut
658 2677 727 2710 iam
757 2674 792 2718 C,
819 2676 985 2710 lacunam
1009 2675 1045 2709 B
1150 2675 1287 2709 uendes
1315 2675 1435 2709 elubet
1459 2674 1503 2718 B,
1529 2675 1667 2709 uendas
1694 2674 1818 2709 elubet
1844 2674 1874 2711 C

393 2735 456 2768 147
481 2733 594 2767 aedas
619 2732 654 2766 B
750 2733 812 2765 148
837 2731 984 2766 Faciem
1012 2732 1039 2765 (J
1130 2732 1267 2766 donum
1294 2731 1328 2766 B
1422 2733 1485 2765 149
1508 2731 1583 2766 filio
1611 2731 1640 2767 C
1721 2733 1782 2765 155
1807 2731 1867 2775 qui

505 2800 616 2833 capae
642 2788 676 2821 Β
749 2836 752 2838 η
794 2790 856 2822 156
882 2788 1074 2823 clamidem
1104 2788 1132 2823 Ο
1221 2800 1377 2823 camsem
1403 2787 1448 2831 B,
1477 2794 1584 2823 cause
1612 2788 1639 2822 C
