2009 3218
739 194 780 228 V.
808 196 998 229 330—410.
1535 201 1554 236 -l
1564 199 1615 237 77

130 341 222 373 esse,
254 326 382 364 hiatus
414 323 599 362 ostendit.
663 323 720 360 Fl.
758 321 905 369 „istuc“
941 325 1108 373 scripsit,
1143 324 1277 361 Muell.
1305 324 1463 362 Nachtr.
1483 338 1521 374 p.
1542 326 1614 362 49:

130 405 248 436 mmc-
280 413 329 420 —
364 393 456 431 374.
485 387 730 440 promittam
763 391 976 440 optumum
1007 391 1067 429 est
1098 394 1244 430 omisso
1275 396 1331 438 ut,
1364 407 1400 430 v.
1432 393 1482 430 ad
1505 393 1614 430 Asin.

130 464 222 502 445.
281 461 472 511 Capillum
510 460 742 508 promittere
783 459 921 496 solitos
961 473 1044 496 esse
1085 459 1258 496 hariolos
1305 460 1392 497 hine
1434 465 1612 510 apparet.

130 550 184 557 —
215 531 306 568 375.
343 524 543 573 Gaui-Sti&
577 529 726 566 ironica
757 527 980 564 affirmatio.
1014 547 1069 552 —-
1103 528 1193 564 376.
1226 526 1262 564 Si
1295 523 1470 575 (meabat,
1503 542 1538 566 v.
1568 528 1617 565 ad

90 591 98 600 ⁶
132 597 269 638 Pseud.
303 598 397 634 287.
436 616 490 620 —
532 597 624 633 378.
671 595 715 634 ut
745 592 885 642 multi,
925 609 976 632 sc.
1010 595 1177 641 faciunt;
1224 609 1311 632 nam
1345 596 1451 643 quod
1484 597 1617 634 volue-

131 669 221 705 runt
249 665 400 715 antiqui
431 665 692 714 interpretes,
740 664 853 701 multi
892 664 1018 700 facere
1058 663 1160 700 idem
1203 676 1285 700 esse
1327 668 1444 713 atque
1486 666 1618 714 magni

130 735 264 781 facere,
297 733 486 782 exemplis
517 735 636 770 caret.
670 752 723 758 —-
759 733 851 770 379.
891 729 980 781 qui,
1021 731 1066 768 cf.
1105 732 1166 768 17.
1199 750 1254 756 ——
1283 732 1325 768 In
1361 733 1508 770 balneis
1540 747 1618 771 non

130 815 216 842 raro
247 802 569 839 vestimentorum
600 801 705 838 furta
734 799 892 843 fiebant,
926 803 964 836 et
987 801 1130 848 saepius
1157 800 1262 849 apud
1287 801 1471 850 antiquos
1495 803 1617 850 scrip-

129 873 230 910 tores
254 873 607 907 commemornntur
623 869 935 917 βαλανειοκλέπται
950 868 1010 905 vel
1038 868 1252 915 λωποδύται,
1282 869 1387 906 fures
1413 869 1616 907 balnearii.

131 938 246 989 Apud
283 937 541 975 Athenienses
579 938 659 975 tale
696 937 843 974 furtum
885 939 1009 973 morte
1051 937 1337 984 vindicabatur,
1384 951 1420 975 v.
1453 938 1616 975 Aristot.

130 1006 321 1045 Problem.
355 1007 425 1052 29,
462 1006 532 1053 14,
566 1009 605 1042 et
635 1005 740 1056 apud
773 1005 970 1044 Romanos
1002 1017 1158 1055 quoque
1190 1006 1231 1041 in
1261 1004 1367 1042 fures
1398 1005 1618 1044 balnearios

131 1070 247 1123 extra}
277 1073 453 1112 ordinem
493 1074 765 1123 quaerebatur,
806 1087 842 1111 v.
876 1073 1027 1123 Digest.
1059 1073 1218 1120 XLVII,
1255 1075 1317 1110 17.
1392 1073 1618 1111 Posteriore

133 1143 283 1180 demum
313 1146 491 1192 tempore
518 1142 803 1190 ἶματιοφύλακες,
835 1143 1014 1193 capsarii,
1046 1143 1222 1179 instituti
1248 1141 1450 1188 videntur3
1483 1142 1619 1180 custos

133 1225 170 1249 v.
203 1211 282 1249 382
312 1214 371 1248 est
405 1212 496 1260 „qui
529 1224 599 1248 sua
629 1212 868 1248 uestimenta
899 1208 1072 1248 seruat“.
1104 1229 1160 1235 -
1193 1211 1285 1247 380.
1318 1210 1478 1260 seruat,
1517 1211 1618 1248 indi-

134 1280 280 1317 nativus
323 1283 415 1328 post
460 1292 576 1328 quom
622 1281 908 1326 concessivum,
955 1293 990 1317 v.
1031 1279 1081 1316 ad
1122 1278 1240 1316 Most.
1284 1279 1376 1316 842.
1421 1298 1476 1303 —-
1525 1279 1616 1317 381.

134 1343 302 1393 Tavnen3
348 1348 494 1396 positio
524 1361 600 1385 non
634 1347 806 1385 auditur.
854 1367 908 1372 —
954 1344 1106 1397 quippe
1143 1350 1254 1392 cett„
1301 1348 1325 1384 i.
1359 1360 1390 1382 e.
1423 1360 1513 1384 nam
1551 1347 1621 1395 qui

129 1427 245 1453 unum
278 1415 444 1465 aliquem
478 1428 524 1452 ex
556 1415 706 1453 furibus
738 1417 934 1462 observat,
967 1418 1000 1453 is
1031 1416 1116 1452 falli
1155 1415 1267 1453 solet.
1308 1435 1364 1440 —
1411 1416 1502 1453 383.
1547 1410 1620 1453 ubi

132 1483 192 1522 est
213 1484 334 1521 artius
358 1496 441 1520 cum
469 1483 789 1521 antecedentibus
813 1484 942 1530 iunxi3
975 1485 1092 1533 vulgo
1116 1486 1345 1533 separatur:
1383 1483 1484 1531 „Ubi
1501 1480 1615 1521 est‘?“

133 1569 184 1576 ·—-
211 1545 242 1588 I
264 1560 382 1598 sane,
415 1566 450 1591 v.
484 1552 534 1589 ad
564 1552 673 1590 Asin.
706 1552 800 1589 461.
845 1551 949 1588 infra
982 1553 1074 1590 844.
1115 1572 1171 1576 —
1216 1553 1309 1590 385.
1355 1548 1446 1598 7200,
1486 1551 1533 1589 cf.
1567 1552 1618 1590 ad

130 1617 238 1670 capt.
271 1620 364 1657 674.
395 1639 451 1644 —
482 1616 626 1667 animi,
658 1635 694 1659 v.
727 1620 777 1657 ad
807 1620 899 1657 Aul.
936 1621 1026 1658 105.
1060 1620 1164 1657 infra
1197 1622 1290 1658 396.
1327 1639 1374 1645 —-
1422 1621 1515 1658 387.
1538 1630 1616 1669 po-

132 1687 256 1726 tesset
285 1687 403 1734 Reiz.,
435 1689 497 1725 vel
527 1690 705 1739 potisset,
736 1702 771 1725 v.
805 1688 913 1725 Neue
945 1688 1142 1726 Formenl.
1175 1688 1214 1726 II
1244 1702 1282 1739 p.
1317 1689 1409 1726 602.
1442 1708 1497 1713 —
1528 1698 1617 1727 eam

129 1755 291 1794 ueretur
326 1766 398 1802 ne,
445 1757 492 1794 cf.
533 1758 582 1794 ad
612 1757 701 1794 Aul.
744 1757 837 1794 662.
882 1776 938 1780 —
986 1757 1077 1795 389.
1125 1754 1241 1806 eopia
1278 1753 1385 1802 eius,
1433 1756 1479 1794 cf.
1515 1758 1615 1795 395:

135 1837 289 1871 „eorum
319 1823 531 1874 inopiam“.
565 1844 619 1850 -
653 1826 745 1863 390.
777 1821 1032 1873 inpudicum,
1066 1825 1112 1862 ef.
1132 1825 1180 1862 ad
1204 1827 1293 1863 115.
1318 1844 1375 1849 -
1400 1825 1492 1862 392.
1526 1835 1616 1863 eum

130 1891 247 1940 Reiz„
278 1895 322 1930 ut
350 1894 530 1943 proxima
560 1894 777 1944 postulant.
819 1912 868 1918 —-
917 1889 1077 1931 scilicet
1120 1906 1206 1930 cum
1236 1891 1450 1941 infinitivo,
1498 1909 1534 1932 v.
1567 1894 1617 1931 ad

130 1960 235 1999 Asin.
269 1963 360 2000 780.
402 1981 455 1986 —
490 1971 686 2010 pessum,
724 1974 760 1999 v.
802 1961 852 1998 ad
880 1961 970 1999 Aul.
1005 1961 1097 1999 594.
1137 1981 1193 1986 —
1239 1962 1332 1999 394.
1378 1958 1618 2000 inmersisse

131 2029 214 2066 siue
245 2029 396 2068 obiecto
426 2032 472 2066 ut
502 2029 641 2067 Bacch.
669 2029 761 2067 674.
794 2049 848 2054 —-
882 2030 975 2068 395.
1008 2027 1110 2067 istoc
1139 2026 1286 2079 mayis,
1319 2042 1366 2067 eo
1397 2031 1532 2078 magis.
1561 2049 1617 2054 —

133 2097 222 2134 396.
274 2092 331 2136 Ut
366 2110 437 2147 pro
482 2095 576 2145 „ne“
617 2097 822 2147 flagitante
873 2111 990 2135 sensu
1028 2097 1134 2135 Cam.
1179 2118 1236 2123 —
1279 2094 1342 2136 sic
1379 2107 1424 2136 36
1463 2101 1614 2149 transp.

131 2163 258 2212 Reiz.;
290 2168 423 2216 potuit
454 2166 573 2203 etiam
609 2163 805 2213 „cruciet“
841 2166 974 2203 scribi.
1014 2153 1022 2162 ⁶

238 2234 331 2271 403.
364 2230 522 2284 Neque,
556 2234 603 2271 cf.
638 2234 730 2272 357.
761 2254 817 2259 ——
849 2243 1106 2284 quemquam,
1137 2247 1173 2272 v.
1206 2234 1254 2271 ad
1286 2234 1404 2272 Most.
1439 2236 1532 2272 596.
1562 2254 1616 2261 —-

131 2301 220 2339 407.
252 2298 420 2351 Accepit
444 2302 530 2340 edd.
553 2322 608 2328 -
632 2299 772 2340 Simus.
813 2302 918 2340 Reiz.
951 2300 1196 2350 „essemus“;
1228 2302 1327 2340 illud
1350 2307 1456 2340 recte
1481 2307 1616 2341 tuetur

130 2367 306 2419 Kampm.
343 2383 382 2420 p.
417 2371 481 2407 24.
561 2368 830 2420 „Saepissime“
879 2371 1010 2420 inquit
1060 2370 1188 2422 „apud
1233 2370 1414 2420 Plautum
1458 2374 1615 2421 tempus

63 2456 73 2465 ·
130 2448 296 2486 praesens
325 2439 562 2485 invenimus,
608 2438 677 2476 ubi
714 2451 784 2475 nos
816 2439 1044 2488 imperfecto
1074 2439 1133 2476 uti
1163 2439 1353 2486 solemus,
1394 2439 1442 2477 cf.
1474 2439 1613 2477 Bacch.

135 2505 236 2544 1036
267 2504 349 2556 sq.“
391 2526 446 2532 --
483 2507 578 2544 408.
624 2516 747 2555 eapse
777 2506 865 2544 edd.
899 2506 1102 2544 Est-cidisse
1135 2520 1266 2545 vocem
1298 2509 1451 2545 numeri
1482 2511 1613 2545 osten.-

131 2570 243 2621 dunt3
275 2573 378 2612 Cam.
402 2571 504 2622 „sic“
533 2574 714 2622 addebat,
746 2575 805 2612 Fl.
828 2572 1012 2623 „mod0“,
1044 2575 1171 2625 Gepp.
1194 2573 1323 2623 „uel“,
1356 2589 1429 2625 ego
1461 2577 1613 2613 malim:

137 2642 349 2688 „succincta
381 2641 498 2680 alte“.
560 2643 743 2692 Seyffert.
775 2642 887 2680 stud.
919 2656 957 2692 p.
992 2644 1065 2681 24:
1100 2643 1178 2692 „Ut
1209 2657 1326 2694 eapse
1358 2645 1556 2681 succincta
1585 2645 1616 2680 it

133 2720 267 2758 aquam
298 2709 613 2748 calefactatum“.
647 2731 696 2736 ——
738 2712 832 2748 410.
873 2708 989 2760 ecqui·
1020 2711 1098 2758 F1.‚
1147 2713 1193 2750 cf.
1229 2714 1294 2750 98.
1328 2731 1381 2737 —-
1421 2709 1511 2759 lcoc,
1562 2725 1612 2749 sc.

133 2777 282 2827 ostium,
314 2778 361 2816 cf.
394 2779 534 2816 Pseud.
574 2781 691 2816 1123.
