2009 3218
369 251 421 290 28
1053 248 1171 282 Plauti
1526 249 1578 292 Π,
1605 251 1636 292 2,
1661 250 1781 291 66—3,
1811 251 1852 284 10

969 373 1137 425 Pae-(sn
1151 375 1198 414 iu
1210 388 1246 414 m

927 444 1052 486 quta
1083 450 1237 495 tecum,
1271 447 1305 488 si
1337 449 1383 486 tu
1415 446 1569 494 nescis,
1601 446 1758 496 nescio,

367 515 459 557 Nisi
490 513 673 556 fortasse
705 513 866 556 blanda
898 515 1043 557 uerba.

907 597 1325 652 Sophoclidisca

1052 669 1183 711 Abeo.

964 740 1251 794 Paegnium

1194 813 1250 854 Et
1281 827 1359 865 ego
1392 813 1552 854 abiero.

907 891 1327 944 Sophoclidisca

1553 949 1746 1006 Ambula.
1789 960 1854 993 250

939 1252 1285 1295 SAGARISTIO.

366 1376 458 1418 Ioui
491 1377 707 1430 opulento,
740 1377 915 1428 incluto,
949 1377 1038 1431 Ope
1070 1384 1212 1431 gnato,
1247 1392 1466 1432 supremo,
1500 1378 1662 1430 ualido,
1695 1380 1854 1433 uiripo-

1315 1451 1437 1499 tenti,

367 1520 494 1575 Opes,
526 1535 636 1574 spes,
670 1520 807 1561 bonas
841 1521 989 1574 copias
1023 1521 1325 1572 commodanti,

367 1592 533 1645 Disque
563 1606 638 1645 ayo
667 1592 831 1645 ,qratias
861 1592 1015 1634 lubens
1049 1592 1294 1645 uitulorque
1327 1594 1492 1643 merito,

369 1663 479 1714 Quia
510 1678 602 1705 meo
635 1665 772 1705 amico
805 1665 1001 1706 amiciter
1032 1663 1143 1705 hanc
1174 1664 1494 1706 commoditatis
1526 1666 1691 1718 copiam

368 1737 543 1777 Danunt
574 1736 740 1787 argenti
773 1738 924 1784 mutui,
957 1741 1005 1777 ut
1036 1737 1069 1776 ei
1102 1737 1242 1788 egenti
1276 1750 1399 1790 opem
1431 1736 1636 1778 adferam.
1789 1749 1855 1782 255

370 1807 495 1858 Quod
542 1821 619 1861 ego
665 1821 748 1848 11011
795 1809 930 1860 magis
970 1807 1237 1849 somniabam
1284 1822 1421 1862 neque
1461 1808 1672 1862 opinabar
1717 1823 1855 1862 neque
1902 1808 1905 1811 ’

630 1880 633 1883 ’
1317 1880 1557 1932 censebam,
1814 1872 1817 1873 ⁷

368 1952 474 1994 Eam
505 1942 603 1993 fore
631 1950 734 1992 mihi
765 1951 1045 2002 occasionem,
1078 1965 1128 1992 ea
1158 1964 1270 1992 nunc
1302 1952 1427 2005 quasi
1458 1951 1617 1993 decidit
1645 1952 1696 1993 de
1721 1952 1852 1995 coelo.

368 2024 476 2065 Nam
508 2036 604 2064 erus
637 2036 755 2063 meus
788 2036 854 2063 me
887 2022 1101 2065 Eretriam
1134 2023 1265 2073 misit,
1308 2023 1495 2065 domitos
1528 2023 1660 2065 boues
1691 2028 1740 2065 ut
1771 2024 1854 2066 sibi

1313 2108 1547 2146 mercarer,

369 2166 500 2208 Dedit
530 2171 775 2220 argentum,
807 2180 903 2207 nam
937 2166 996 2207 ibi
1029 2170 1265 2207 mercatum
1297 2166 1405 2208 dixit
1436 2166 1504 2208 die
1536 2181 1628 2208 esse
1661 2168 1854 2221 septimi3

371 2238 555 2287 Stultus,
603 2238 677 2291 qui
723 2237 804 2279 hoc
850 2239 952 2279 mihi
999 2238 1123 2279 daret
1169 2243 1413 2291 argentum,
1467 2239 1588 2280 cuius
1635 2239 1852 2291 ingenium

1314 2315 1516 2360 nouerat3
1789 2320 1855 2354 260

367 2383 477 2424 Nam
507 2382 589 2423 hoc
619 2385 847 2432 argentum
878 2380 981 2422 alibi
1014 2381 1189 2432 abutar3
1232 2381 1364 2422 boues
1397 2395 1505 2435 quos
1539 2395 1736 2432 emerem,
1767 2395 1854 2423 non

1317 2457 1453 2494 erant.

481 2589 548 2622 250
571 2587 747 2622 fortasset
771 2587 805 2621 B
897 2592 935 2621 at
1029 2587 1185 2621 Ambula
1211 2587 1404 2631 sagaristio
1498 2589 1560 2621 251
1589 2599 1781 2632 supraemo
1807 2588 1852 2632 B,

370 2655 566 2689 suppremo
596 2644 624 2678 C
714 2644 792 2677 uiro
817 2644 961 2687 potenti
991 2644 1020 2678 C
1116 2646 1179 2678 253
1208 2644 1343 2688 Disque
1370 2655 1439 2687 ago
1466 2644 1601 2688 gratias
1628 2655 1691 2679 om,
1788 2646 1853 2679 255

369 2701 487 2744 argeti
513 2699 548 2733 Β
643 2699 772 2733 minuti
801 2698 829 2733 C
920 2700 1097 2742 utlogenti
1192 2701 1257 2734 257
1276 2700 1441 2744 proximo
1461 2701 1696 2743 postponitur
1788 2702 1853 2735 258

370 2757 464 2791 Num
535 2757 706 2789 erctsiam
732 2755 776 2798 B,
805 2756 941 2789 ...iani
965 2757 993 2790 C
1060 2758 1113 2789 uti
1184 2758 1248 2790 259
1273 2761 1469 2791 mertatum
1496 2756 1530 2789 B
1600 2768 1680 2790 esse
1707 2756 1783 2790 dies
1808 2756 1852 2800 B,

370 2823 448 2846 esso
474 2812 531 2845 dic
560 2811 589 2846 C
677 2811 844 2854 septimei
