2009 3218
305 200 358 239 64
365 202 390 240 Ο
918 197 1173 232 Truculentus.

297 327 422 362 virum
460 330 498 362 et-
535 323 655 362 filium
695 325 828 362 eodem
864 329 1041 376 tempore
1082 328 1238 364 venenis
1277 327 1373 364 clam
1413 326 1514 363 datis
1544 327 1626 363 vita
1658 326 1777 362 inter-

297 389 485 430 fecerat“.
514 411 562 417 -
592 393 683 430 514.
725 388 898 442 Uimque
926 389 1028 431 mihi
1057 385 1280 431 Buecheler.
1337 393 1444 431 Sch.:
1481 393 1658 442 „Quique
1687 392 1779 429 mihi

297 461 426 509 magni
457 459 602 497 doloris
633 472 730 497 onus
768 458 899 498 cett.“.
963 460 1083 510 Bugg.
1115 461 1269 499 Tidskr.
1302 460 1325 497 f.
1359 461 1498 498 Philol.
1534 460 1602 498 VII
1633 474 1671 510 p.
1705 461 1777 498 30:

303 527 476 577 „Quique
522 528 615 564 mihi
657 529 784 576 magni
825 527 970 564 doloris
1010 541 1048 577 p.
1080 541 1116 565 u.
1149 533 1178 566 t.
1219 527 1474 577 Compleuisti
1516 527 1697 577 oorpus“,
1731 527 1777 565 cf.

300 594 440 643 Amph.
477 595 595 632 1009.
639 615 690 619 -
737 596 828 633 516.
868 591 972 640 Eia,
1018 592 1130 633 haud
1160 592 1209 633 ab
1239 605 1283 633 re
1313 594 1419 632 Cam.
1486 591 1579 633 istic
1615 590 1781 632 obuem't

298 657 413 699 labos
444 661 568 699 Goell.
606 681 662 687 —-
709 663 801 700 517.
849 657 1027 711 opplebit
1063 663 1122 700 ed.
1155 675 1212 711 pr.
1254 683 1307 688 -
1357 664 1446 700 518.
1497 658 1623 699 tritici
1662 663 1784 710 opust

299 729 415 767 Both.
451 748 499 754 -
535 731 626 767 519.
668 726 775 775 hinc,
808 730 854 768 cf.
888 730 936 767 ad
969 731 1079 779 Capt.
1116 731 1214 768 532:
1260 732 1434 780 „periisti
1466 744 1485 766 e
1515 731 1645 779 patria
1674 728 1779 766 tua“.

300 797 426 845 Vulgo
458 802 547 847 post
576 798 782 844 Angelium
821 794 946 843 ‚‚hic“.
990 817 1044 822 —
1083 794 1286 835 exstimavit
1323 799 1593 835 coniunctivus
1624 801 1699 842 est,
1749 811 1781 834 v.

301 864 408 902 Neue
440 864 636 902 Formenl.
668 865 707 901 II
737 879 774 914 p.
812 866 903 902 546.
945 885 999 889 -
1039 866 1131 902 520.
1170 861 1291 903 Habe
1329 861 1690 903 bomem-animum
1722 865 1780 902 ed.

299 946 358 982 pr.
390 952 445 957 —
474 929 569 970 hine
590 932 687 980 pete
718 934 895 982 Kampm.
949 929 1016 970 Ah
1047 933 1159 970 Both.
1192 951 1246 958 -—
1280 934 1371 970 521.
1404 929 1511 970 dolet
1540 932 1603 982 Sp.
1665 942 1784 980 aeqre

300 1009 442 1037 moneo
474 999 588 1048 Seyff.
644 998 763 1038 etiam
794 1001 897 1039 Cam.
923 1021 977 1025 -
1007 1002 1097 1039 522.
1132 996 1178 1038 Si
1207 996 1338 1038 hercle
1368 1010 1430 1037 me
1461 1000 1598 1037 Luchs.
1627 1013 1697 1037 em.
1730 1019 1779 1025 —

302 1069 397 1105 525.
434 1064 513 1106 mel
543 1078 677 1106 meum
708 1068 812 1106 Cam.
872 1065 979 1115 „me“
1015 1069 1088 1105 del.
1122 1068 1236 1105 Both.
1268 1087 1322 1093 -
1364 1069 1454 1106 525.
1488 1077 1538 1105 ex
1568 1063 1693 1118 Syria
1722 1068 1780 1104 ed.

301 1149 384 1185 p1·.;
436 1149 512 1182 „ex
536 1133 674 1173 Suria“
710 1137 795 1173 fuit..
837 1155 890 1160 —-
931 1138 1008 1174 526
1041 1143 1096 1186 sq.
1137 1132 1183 1173 [8
1222 1135 1258 1175 te
1295 1133 1400 1173 dono
1431 1138 1469 1173 et
1499 1135 1571 1173 hoc
1602 1148 1716 1173 versu
1747 1141 1785 1172 et

303 1204 381 1242 528
416 1203 577 1240 Plautus
615 1217 692 1241 non
730 1205 906 1252 scripsit3
953 1217 1021 1241 nec
1062 1204 1236 1241 dubitari
1280 1207 1411 1254 potest
1450 1206 1544 1253 quin
1590 1204 1781 1241 526—-27

300 1272 427 1321 spurii
450 1273 538 1316 sint,
571 1273 787 1320 praesertim
813 1284 932 1321 quum
958 1272 1089 1320 inepte
1113 1275 1282 1322 ponatur
1306 1273 1344 1308 in
1369 1272 1500 1322 priore
1526 1268 1610 1317 sed,
1641 1281 1786 1308 uerum

301 1341 339 1376 in
373 1340 495 1376 altero
529 1335 661 1388 (quem
692 1340 723 1377 si
753 1340 964 1388 genuinum
995 1344 1186 1390 putarem,
1220 1338 1484 1376 emendarem:
1531 1336 1694 1384 „earum
1718 1351 1784 1388 pa-

301 1409 418 1444 triam
457 1420 528 1456 ego
571 1406 695 1444 excidi
734 1420 853 1444 manu
893 1405 1035 1455 mea“).
1111 1407 1325 1446 Schoelli‘us
1367 1419 1486 1456 quum
1529 1408 1568 1443 in
1614 1406 1784 1444 editione

302 1476 373 1512 hos
413 1487 548 1512 versus
588 1479 780 1520 notasset,
821 1476 860 1512 in
891 1476 998 1525 praef.
1032 1489 1068 1525 p.
1101 1475 1207 1512 XLV
1238 1475 1308 1512 tali
1339 1475 1598 1525 explicatione
1629 1487 1785 1512 servare

302 1545 486 1580 conatur:
537 1542 693 1589 „Miles:
745 1543 804 1590 „Is
843 1546 884 1580 te
923 1529 1064 1581 dono4‘.
1142 1543 1216 1580 Sed
1255 1543 1322 1580 illa
1366 1546 1472 1580 tacet
1517 1544 1627 1591 quasi
1674 1542 1785 1579 nihili

304 1612 470 1657 faciens,
516 1612 650 1660 itaque
693 1610 798 1647 miles
839 1610 979 1648 adduci
1019 1611 1142 1657 iubet,
1189 1611 1388 1648 collaudat
1425 1612 1566 1648 donum
1605 1623 1717 1648 suum
1749 1613 1788 1647 et

303 1679 512 1729 praedicat3
553 1691 637 1716 cum
670 1678 737 1714 illa
766 1679 898 1728 pergit
929 1683 1070 1725 tacere,
1102 1681 1241 1716 iterum
1274 1680 1417 1728 ingerit
1451 1679 1545 1725 „His
1575 1683 1614 1715 te
1647 1674 1786 1716 dono“.
1839 1680 1843 1685 ”

270 1736 273 1737 ⁷
305 1747 386 1784 Iam
417 1746 485 1783 illa
516 1748 635 1783 etiam
666 1744 888 1784 irascitur“.
964 1746 1041 1783 Sed
1073 1747 1235 1784 Plautus
1276 1759 1351 1783 non
1389 1748 1420 1784 is
1460 1751 1536 1792 est,
1584 1747 1651 1796 qui
1691 1745 1789 1782 tales

306 1815 523 1851 animorum
556 1817 681 1851 motus
719 1817 848 1851 tacere
888 1827 1003 1862 quam
1044 1815 1240 1864 explicare
1279 1814 1408 1861 malit,
1455 1828 1579 1864 neque
1619 1826 1787 1863 unquam

307 1881 500 1919 eiusmodi
532 1882 788 1932 repetitiones
829 1882 933 1931 apud
972 1895 1057 1920 eum
1097 1884 1292 1929 invenias,
1340 1883 1412 1919 nisi
1454 1895 1568 1920 causa
1605 1881 1786 1919 indicata.

310 1970 362 1975 -
403 1950 494 1988 528.
543 1949 640 1998 quot
680 1946 852 1988 ancillas
893 1946 1001 1987 alam
1031 1963 1101 1987 em.
1136 1950 1371 1997 Gulielmus,
1413 1950 1459 1988 cf.
1491 1951 1584 1987 428.
1647 1949 1787 1986 Locum

310 2017 424 2054 affert
455 2018 634 2068 Donatus⁴
662 2017 710 2054 ad
741 2017 828 2055 Ter.
862 2017 961 2055 Eun.
989 2017 1033 2064 V,
1068 2020 1103 2063 6,
1141 2019 1188 2055 12
1209 2034 1258 2046 =
1282 2019 1384 2056 1013
1418 2023 1618 2067 corrupte:
1670 2016 1790 2063 „Pae-

309 2087 457 2122 nitetne
495 2089 534 2122 te
573 2085 678 2134 quod
718 2086 881 2123 ancillae
920 2090 1012 2122 sunt
1049 2083 1176 2123 iain‘?“
1253 2085 1312 2123 Ex
1342 2085 1513 2123 Terentii
1552 2086 1655 2123 loco:
1707 2084 1790 2130 „An

310 2153 537 2202 paenitebat
588 2152 735 2201 flagiti,
789 2158 826 2191 te
881 2159 1036 2191 auctore
1093 2153 1198 2202 quod
1243 2153 1397 2191 fecisset
1443 2152 1709 2198 Adulescens,
1755 2152 1790 2188 ui

313 2224 495 2259 miserum
526 2222 688 2270 insuper
719 2223 834 2258 etiam
866 2223 969 2270 patri
1001 2218 1250 2258 indiea1·es?“
1299 2220 1447 2258 Camer.
1475 2234 1545 2257 em.
1570 2217 1790 2269 ,‚insuper“.

313 2288 403 2325 Veri
444 2289 606 2325 similius
648 2289 865 2338 Hauptiusz
915 2299 1110 2336 „examen
1141 2286 1493 2337 supe-radducas“.
1571 2288 1627 2325 Ex
1659 2287 1791 2326 eodem

312 2357 398 2394 Ter.
433 2360 471 2393 et
502 2356 600 2393 Rud.
636 2357 713 2393 568
747 2357 952 2405 Kiessling.
987 2358 1102 2394 etiam
1147 2354 1242 2403 „Ni“
1287 2357 1540 2394 commendat.
1629 2349 1795 2404 „Quin“-

312 2427 447 2461 tuetur
477 2423 678 2460 Dombart.
740 2424 876 2463 Philol.
903 2423 1071 2461 XXVIII
1093 2437 1130 2473 p.
1157 2425 1250 2469 736,
1282 2424 1368 2461 coll.
1394 2425 1485 2462 228.
1534 2423 1673 2472 Amph.
1701 2423 1792 2460 235.

314 2493 420 2529 Asin.
455 2492 547 2529 419.
594 2490 704 2529 Cure.
738 2493 830 2537 209,
863 2494 956 2541 quia
985 2493 1079 2530 insit
1110 2493 1149 2530 in
1179 2506 1214 2530 v.
1252 2490 1478 2541 „paenitet“
1515 2491 1682 2538 negandi
1713 2491 1790 2527 vis:

316 2559 452 2596 Nonne
482 2559 575 2596 satis
605 2559 746 2596 multas
777 2560 939 2597 ancillas
978 2561 1057 2607 alo,
1106 2561 1200 2609 quin
1238 2560 1371 2609 plures
1410 2572 1468 2596 me
1508 2559 1612 2596 alere
1651 2554 1792 2607 cogas?

319 2628 461 2676 Haupt.
500 2624 671 2672 ‚,Quine“
706 2627 843 2665 voluit.
904 2627 943 2665 Si
974 2628 1069 2676 quid
1100 2627 1350 2672 mutandum,
1388 2627 1485 2672 „Qui
1519 2623 1636 2663 mihi“
1671 2625 1791 2674 scrip-

317 2697 448 2732 serim.
487 2714 540 2720 —
585 2690 791 2732 comedint
827 2695 930 2732 Cam.
971 2714 1024 2720 ——
1073 2697 1163 2733 530.
1211 2691 1343 2732 hercle
1381 2690 1630 2742 ingyratmnst
1670 2692 1793 2742 Gepp.

306 2762 411 2810 „„tu⁴‘
448 2766 486 2800 et
521 2759 682 2808 ‚,istam“
718 2762 844 2799 delevi
875 2776 960 2799 cum
992 2763 1198 2800 Schoellio.
1251 2758 1441 2810 perulam
1473 2760 1584 2798 Grut.
1619 2778 1681 2797 -z
1703 2761 1794 2797 531.
