2009 3218
183 195 234 240 11,
260 196 292 238 2,
320 194 449 230 18—87
849 190 1004 226 stichus.
1592 196 1672 235 215

785 315 849 358 Pi
863 329 886 357 η
899 330 922 357 α
933 317 1013 358 citt
1024 331 1061 358 m

701 387 873 430 Multos.

780 490 851 532 Pa
864 504 890 541 ςη
903 491 1078 544 eyyris

917 563 972 604 At
1005 563 1142 604 uirum
1177 564 1386 617 ecquem?

782 664 1062 707 Pinacium

1422 723 1672 774 Plurum0s;

185 795 340 838 Uerum
372 809 423 837 ex
455 794 602 836 multis
639 795 886 849 nequiorem
919 793 1083 836 nullum
1117 808 1243 848 quam
1277 794 1346 836 hic
1378 801 1454 837 est.

785 895 1088 949 Gelasimus

1388 967 1480 1018 Quo
1514 970 1672 1012 modo?

182 1042 273 1085 Iam
304 1041 464 1084 dudum
495 1055 573 1096 ego
605 1042 737 1083 istum
771 1041 939 1093 impune
971 1043 1116 1095 patior
1148 1040 1292 1083 dicere
1323 1042 1482 1083 iniuste
1514 1042 1630 1084 mihi.

186 1113 449 1156 Praeterhac
482 1114 516 1155 si
549 1127 615 1155 me
648 1114 923 1155 inritassis..

788 1215 1062 1258 Pinacium

996 1287 1163 1342 Edepol
1196 1288 1360 1330 esuries
1394 1287 1517 1330 male.
1606 1299 1673 1333 346

772 1390 1078 1433 Gelasimus

182 1462 382 1503 Animum
413 1461 614 1504 inducam
646 1467 695 1504 ut
725 1463 840 1505 istuc
865 1477 1015 1504 uerum
1041 1471 1081 1504 te
1108 1463 1323 1505 elocutum
1350 1476 1443 1505 esse
1471 1462 1658 1505 arbitrer

791 1580 1064 1623 Pinacium

183 1649 420 1693 Munditias
437 1650 538 1694 uolo
555 1651 669 1704 fieri3
689 1651 848 1694 ecferte
867 1653 949 1694 huc
968 1666 1122 1706 scopas
1140 1652 1354 1705 simulque
1372 1651 1672 1702 harundinem,

183 1721 240 1765 Ut
266 1736 440 1777 operam
468 1738 634 1766 omnem
660 1737 917 1766 araneorum
943 1724 1121 1778 perdam
1148 1729 1192 1766 et
1208 1729 1424 1766 texturam
1443 1723 1670 1778 inprobam

184 1793 462 1849 Deiciamque
493 1810 642 1838 eorum
676 1797 812 1838 omnis
845 1796 970 1838 telas.

780 1898 1079 1941 Gelasimus

995 1971 1141 2013 Miseri
1172 1969 1380 2024 algebunt
1413 1975 1578 2024 postea.
1606 1981 1673 2015 350

792 2072 888 2114 Pin
899 2087 922 2115 α
932 2087 952 2115 c
963 2073 979 2114 ἱ
990 2088 1014 2114 u
1025 2088 1063 2114 m

185 2139 325 2190 Quid?
355 2142 451 2185 illos
482 2144 686 2187 itidemne
719 2159 812 2187 esse
846 2159 997 2187 censes
1031 2146 1155 2199 quasi
1179 2150 1222 2187 te
1247 2159 1341 2186 cum
1368 2150 1489 2186 ueste
1514 2144 1671 2186 unica?

183 2211 298 2267 Cape
329 2214 427 2257 illas
460 2230 627 2270 scopas.

776 2315 1078 2357 Gelasimus

590 2385 781 2440 Capiam.

295 2545 360 2578 343
385 2544 432 2579 ad
547 2545 740 2589 ecquidem
767 2545 799 2578 A
915 2546 980 2580 345
1005 2544 1074 2580 Ian
1099 2545 1133 2579 A
1249 2546 1398 2591 impune
1424 2555 1490 2581 om.
1604 2547 1670 2581 346

184 2597 334 2635 Praeter
358 2600 449 2636 haec
473 2601 509 2635 A
601 2603 668 2636 347
693 2601 772 2636 haec
799 2601 890 2637 ferte
915 2601 984 2636 Bo
1072 2603 1138 2637 349
1163 2603 1371 2648 improbem
1396 2601 1432 2637 B
1526 2603 1593 2637 350
1618 2601 1670 2636 De

184 2653 243 2690 hic
266 2657 413 2702 iamque
438 2656 484 2701 B,
510 2657 652 2693 Dehinc
678 2659 824 2702 iamque
852 2657 880 2693 C
1003 2669 1130 2694 earum
1153 2658 1222 2695 Bc
1347 2659 1489 2694 omneis
1514 2660 1549 2694 A

185 2712 314 2747 misere
338 2714 384 2755 A,
408 2714 542 2748 misera
566 2713 634 2749 BC
762 2715 954 2758 fulgebunt
978 2715 1024 2758 B,
1049 2714 1241 2760 fulgebant
1267 2715 1296 2752 C
1416 2717 1479 2750 351
1506 2716 1587 2750 illas
1614 2716 1670 2750 iti-

185 2766 270 2803 dem
294 2768 361 2805 BC
427 2781 554 2805 censes
581 2781 660 2806 esse
686 2771 719 2804 A
791 2764 937 2805 tectum
958 2771 987 2806 C
1052 2776 1178 2807 uentae
1202 2772 1237 2806 Δ
1307 2773 1373 2807 352
1398 2772 1566 2817 Capellae
1592 2773 1625 2806 A
