2009 3218
337 227 419 266 234
473 208 475 211 ’
1015 223 1135 258 Plauti
1542 223 1604 265 IV,
1633 225 1661 265 1,
1690 225 1814 259 14-—21

929 350 1230 393 Gelasimus

337 405 479 457 Quid?

914 479 1241 532 Epissnomus

462 550 545 593 Ubi
578 551 790 593 conuiuae
822 550 1019 601 abierint,
1050 543 1141 592 tum
1174 556 1223 593 ut
1253 553 1417 593 uenias.

932 653 1228 695 Gelasimus

1410 725 1500 768 Uae
1533 727 1667 768 aetati
1698 731 1812 769 tuae.

907 805 951 846 E
950 806 1013 857 pi
1021 820 1208 859 ynomu
1221 821 1242 848 s

336 876 453 919 Uasa
482 877 662 928 lautum,
693 892 778 919 non
811 878 865 919 ad
897 891 1045 920 cenam
1077 878 1184 920 dico.

926 980 1226 1022 Gelasimus

336 1108 447 1159 Quid
479 1109 554 1159 ais,
590 1108 917 1163 Pamphilippe?
1244 1053 1296 1094 D1
1327 1057 1369 1094 te
1401 1053 1614 1106 perdumt.

875 1210 1288 1266 Pamphilippus

902 1283 966 1325 Ad
999 1298 1147 1327 cenam
1178 1285 1324 1328 hercle
1355 1285 1440 1327 alio
1472 1285 1650 1339 promisi
1681 1284 1812 1327 foras.

925 1386 1227 1429 Gelasimus

335 1458 461 1509 Quid,
492 1457 638 1500 foras?

879 1542 1031 1595 Pamp
1044 1543 1282 1595 lm'lv'ppus

654 1614 786 1655 Foras
817 1613 959 1657 hercle
990 1629 1106 1657 uero.

924 1716 1228 1759 Gelasimus

1134 1788 1215 1839 Qui
1247 1790 1406 1832 malum
1437 1790 1516 1832 tibi
1547 1789 1662 1833 lasso
1694 1790 1816 1832 lubet

334 1860 455 1902 Foris
488 1860 674 1902 cenare?
726 1860 849 1902 Itane
880 1864 927 1902 tu
960 1861 1135 1903 censes?
1196 1861 1330 1904 Iuben
1363 1862 1477 1904 domi
1509 1876 1658 1904 cenam
1690 1863 1814 1917 coqui

334 1932 474 1986 Atque
505 1932 561 1974 ad
592 1932 715 1974 illum
746 1933 1016 1975 renuntiari?

876 2034 946 2077 Pa
957 2035 1212 2089 mphilipp
1223 2051 1249 2078 u
1260 2051 1281 2077 s

1077 2107 1201 2150 Solus
1233 2108 1395 2150 cenabo
1427 2108 1569 2151 domi?
1750 2121 1812 2154 601

929 2209 1226 2252 Gelasimus

335 2281 431 2323 Non
464 2281 575 2323 enim
610 2281 748 2333 solus3
779 2295 845 2323 me
879 2286 1045 2324 uocato.

880 2384 1281 2437 Pamphilippus

1107 2457 1162 2499 At
1191 2457 1264 2499 ille
1294 2471 1346 2499 nc
1379 2460 1642 2508 suscenseat,

337 2529 433 2571 Mea
464 2527 536 2580 qui
568 2540 701 2568 causa
733 2532 952 2581 sumptum
984 2529 1098 2571 fecit.

449 2685 515 2720 596
540 2684 686 2718 abirent
710 2683 777 2719 BC
879 2690 917 2720 ut
941 2690 1018 2720 tum
1047 2687 1090 2726 A,
1117 2691 1193 2721 tum
1219 2685 1286 2720 Bc·
1381 2687 1446 2719 597
1471 2685 1550 2720 Una
1575 2684 1640 2719 BC
1736 2694 1814 2729 per-

338 2742 428 2776 dunt
452 2739 518 2774 BG
596 2741 661 2774 598
688 2742 764 2784 agis
847 2745 912 2777 599
937 2742 1025 2786 quid
1052 2744 1186 2776 malum
1213 2743 1308 2777 lasso
1334 2742 1366 2775 A
1437 2743 1504 2776 600
1529 2747 1650 2776 utrum
1678 2747 1715 2776 tu
1742 2740 1815 2783 ΒΟ,

339 2799 514 2833 .t.u1ntu
539 2796 571 2829 A
669 2794 822 2830 iubentu
849 2797 947 2832 domi
974 2798 1006 2830 A
1100 2800 1162 2831 601
1192 2798 1319 2832 cenaui
1345 2797 1377 2830 Α
1472 2798 1537 2832 603
1564 2804 1710 2842 nuptum
1739 2796 1770 2831 B
