2009 3218
316 208 397 247 422
996 201 1116 235 Persa.

318 333 531 371 murrinum
559 331 847 375 commemorat,
880 330 947 366 sed
981 329 1158 375 mulsum,
1189 341 1261 365 nec
1291 328 1440 376 potioni
1472 327 1657 365 calamum
1688 326 1797 363 iniici

317 400 437 447 iubet,
468 399 536 437 sed
567 398 660 447 igni,
695 410 770 447 quo
800 396 942 434 fortius
965 397 1112 434 ardeat.
1137 416 1192 421 —
1215 397 1279 434 90.
1311 405 1518 445 σοηθθννο,
1550 409 1586 433 v.
1611 394 1660 432 ad
1676 393 1795 432 Most.

319 470 412 507 913.
472 466 585 505 Hunc
613 466 741 504 locum
772 464 886 503 affert
908 465 1033 502 Varro
1057 464 1100 501 L.
1127 464 1170 502 L.
1197 463 1281 510 VII,
1317 464 1365 501 55
1398 467 1438 500 et
1460 462 1609 500 Nonius
1638 475 1677 512 p.
1706 463 1796 509 118,

318 537 385 587 qui
410 533 630 586 explicandi
655 546 770 571 causa
796 532 925 570 addit:
961 536 1030 580 „ut
1054 532 1223 569 collusor
1247 544 1366 579 meus,
1392 531 1458 581 qui
1476 531 1628 568 casdem
1647 532 1801 567 exercet

314 601 482 654 .nugas“.
520 622 575 628 —
614 602 679 639 92.
718 598 764 639 in
794 597 952 648 ordine,
984 615 1020 638 v.
1053 599 1100 637 ad
1132 599 1250 637 Poen.
1285 599 1377 636 589.
1411 619 1464 623 —
1504 599 1568 636 93.
1613 592 1801 647 Collyrae

317 672 429 724 panis
469 682 587 720 genus
627 672 705 716 est,
751 668 818 706 sed
857 668 1016 716 durum,
1062 670 1107 705 ut
1146 666 1347 704 madefieri
1384 666 1524 704 debeat
1563 669 1654 703 ante
1685 679 1800 716 quam

319 740 544 779 comedatur
576 733 739 786 (cakes),
772 750 808 774 v.
835 736 883 774 ad
906 736 1026 774 Poen.
1049 737 1148 782 1373
1181 734 1394 772 madefiant
1425 738 1554 772 autem
1586 733 1800 783 coquendo,

319 824 353 847 v.
387 807 436 845 ad
465 807 569 844 Men.
603 806 696 843 210.
773 799 997 853 Oolyphia,
1039 804 1197 850 κωλύφια
1227 802 1288 840 vel
1319 803 1498 850 κωλὴφια,
1543 804 1644 839 teste
1674 801 1799 849 Phry-

318 876 432 914 nicho
457 889 494 926 p.
524 875 574 912 77
605 876 697 911 sunt
726 874 886 919 κωλῆνες,
918 873 943 910 i.
962 885 995 909 e.
1011 883 1143 922 pernae
1173 883 1263 919 pars
1293 871 1473 918 inferior3
1504 869 1652 907 cf.1uv.
1671 870 1709 916 2,
1736 870 1800 906 53.

319 943 493 982 Martial.
520 942 604 989 VII,
637 942 703 989 67,
740 942 802 979 12.
826 960 881 966 —
913 940 977 977 94.
1009 939 1104 977 Post
1133 934 1237 976 mihi
1267 938 1410 985 hiatur,
1442 939 1518 975 nisi
1548 951 1634 975 cum
1658 936 1803 974 Bothio

318 1016 571 1062 transponas:
607 1009 791 1058 „Incocta
820 1021 867 1046 ne
897 1004 1032 1045 mihi“.
1057 1026 1108 1031 —
1135 1002 1242 1044 Rem
1273 1002 1456 1055 loquitur
1486 1014 1649 1052 meram,
1682 1003 1802 1052 Cam„

319 1081 366 1118 cf.
399 1079 448 1117 ad
479 1079 582 1116 Men.
620 1078 739 1115 1050.
773 1096 821 1103 —
857 1077 922 1114 95.
954 1071 1096 1113 Nihili
1126 1087 1197 1112 em.
1230 1074 1336 1121 Pius,
1374 1077 1419 1110 ut
1450 1075 1501 1111 97
1535 1073 1720 1120 Scaliger,
1754 1072 1802 1110 cf.

324 1149 421 1195 121,
458 1147 524 1185 ubi
555 1145 602 1193 C,
642 1148 682 1183 et
714 1145 812 1193 180,
849 1144 917 1181 ubi
953 1157 1052 1181 unus
1082 1144 1116 1179 A
1154 1155 1288 1181 verum
1319 1139 1504 1180 servavit.
1536 1160 1591 1167 —-
1619 1135 1802 1191 [studia-3,

320 1216 494 1254 devores.
526 1234 581 1241 υ-
620 1215 685 1251 96.
725 1212 803 1250 stet
843 1221 1021 1250 cremore
1059 1220 1199 1248 crasso
1238 1207 1306 1248 ius
1337 1210 1500 1248 Guietus
1541 1222 1611 1246 em.
1644 1227 1699 1233 —
1737 1209 1802 1246 97.

325 1279 618 1332 „epicrocum“,
660 1282 716 1319 ait
751 1280 856 1319 Fest.
895 1279 969 1330 Ep.
1003 1280 1053 1317 82
1097 1291 1241 1328 „genus
1281 1279 1438 1316 amiculi
1477 1290 1589 1315 croco
1626 1278 1803 1323 tinctum,

320 1355 436 1390 tenue
467 1354 505 1388 et
527 1346 808 1401 pellucidum“.
869 1347 963 1385 Cum
990 1347 1061 1384 tali
1084 1347 1320 1384 vestimento
1343 1359 1421 1384 non
1443 1350 1608 1396 propter
1637 1344 1804 1383 colorem

319 1419 388 1459 sed
417 1422 581 1470 propter
609 1419 843 1455 tenuitatem
874 1418 1124 1465 comparatur
1154 1416 1214 1453 ius
1250 1415 1364 1452 nimis
1402 1418 1539 1461 tenue,
1583 1414 1729 1464 pingue
1766 1416 1806 1450 et

321 1501 492 1526 crassum
516 1487 610 1524 vult.
636 1506 691 1511 —
715 1486 781 1524 98.
810 1482 968 1523 iuream
998 1497 1076 1522 non
1106 1484 1284 1521 novimus
1314 1496 1395 1532 nec,
1427 1483 1460 1519 si
1491 1483 1578 1532 quis
1605 1478 1802 1529 „uiream“

321 1557 480 1606 legerit,
520 1556 644 1604 magis
685 1556 864 1604 apparet.
930 1552 1031 1590 Num
1072 1551 1167 1601 quid
1208 1551 1314 1588 aliud
1353 1549 1482 1588 latet?
1541 1548 1690 1587 Ritsch.
1732 1548 1805 1596 „si-

322 1621 477 1663 suram“
505 1621 725 1661 emendavit
755 1622 816 1659 vel
843 1616 1102 1669 „sisurnam“,
1133 1622 1178 1656 ut
1195 1619 1321 1656 Amm.
1340 1618 1460 1656 Marc.
1478 1617 1580 1666 XVI,
1602 1620 1637 1663 5,
1659 1619 1699 1655 5:
1736 1629 1819 1664 „ex·

322 1696 453 1743 tapete
491 1695 531 1730 et
568 1692 712 1739 sisyra,
754 1703 868 1739 quam
908 1689 1079 1738 vulgaris
1109 1688 1338 1737 simplicitas
1369 1688 1559 1724 sisurnam
1592 1681 1806 1735 appellat“.

323 1782 377 1787 —
416 1762 481 1799 99.
522 1759 659 1797 Cibum
699 1759 899 1796 sicciorem
939 1758 978 1794 in
1018 1759 1215 1805 ventrem,
1260 1754 1512 1804 liquidiorem
1556 1755 1596 1790 in
1639 1753 1839 1791 vesicam·

323 1828 559 1867 descendere
599 1829 845 1864 censuerunt.
928 1825 1052 1862 Varro
1093 1838 1155 1874 ap.
1187 1823 1286 1860 Non.
1319 1836 1357 1872 p.
1391 1823 1463 1860 78:
1515 1821 1708 1869 „nobilius
1747 1824 1808 1859 est

324 1897 586 1948 philippeum,
641 1895 745 1945 quod
791 1894 1022 1944 accipimus,
1078 1905 1194 1942 quam
1240 1891 1345 1940 quod
1388 1889 1580 1939 bibimus,
1621 1903 1707 1928 cum
1753 1889 1807 1927 al-

324 1970 451 2003 terum
483 1964 670 2001 addamus
700 1964 740 2000 in
765 1963 933 2012 bulgam,
966 1961 1130 1998 alterum
1154 1961 1193 1997 in
1221 1956 1426 1997 vesicam“.
1444 1977 1498 1983 —
1528 1959 1620 1996 100.
1655 1958 1807 2004 „nescio

325 2031 414 2083 qui“
450 2032 646 2070 Charisius
677 2044 713 2080 p.
752 2032 825 2069 191
860 2030 940 2067 haec
971 2028 1146 2067 afferens.
1179 2048 1232 2053 —
1268 2028 1358 2065 101.
1395 2022 1563 2075 coepulo
1593 2021 1810 2074 compellat

327 2101 424 2139 tuus
455 2100 637 2146 Guietus,
685 2112 755 2136 nec
792 2098 918 2135 forma
958 2097 1192 2146 coepulonus
1231 2097 1314 2134 veri
1353 2095 1492 2133 similis
1527 2097 1597 2133 est.
1629 2114 1684 2118 —
1718 2094 1808 2131 103.

326 2166 451 2220 idque
480 2169 637 2218 scripsi3
670 2167 736 2204 R.:
776 2170 916 2216 „atque
948 2165 985 2201 id
1017 2165 1094 2202 hau
1125 2162 1276 2202 decet“.
1309 2183 1363 2189 ——-
1398 2163 1485 2200 104.
1520 2162 1640 2200 Ludit
1668 2163 1708 2199 in
1738 2174 1806 2199 no-

326 2239 428 2274 mine
458 2249 548 2282 suo,
591 2236 701 2284 quasi
741 2237 916 2272 saturum
955 2232 1165 2281 significet3
1218 2245 1258 2270 se
1298 2232 1495 2269 contrario
1534 2230 1689 2268 nomine
1727 2241 1811 2267 esse

328 2305 482 2342 debere.
514 2322 568 2329 -
604 2304 693 2340 105.
727 2300 819 2340 edes
850 2305 889 2339 et
918 2297 1080 2339 uentris
1112 2300 1261 2338 Nonius
1291 2314 1328 2350 p.
1365 2300 1427 2337 10.
1495 2299 1532 2336 Is
1571 2294 1709 2346 focula
1738 2309 1808 2334 nu-

326 2373 511 2410 trimenta
542 2372 846 2420 interpretatur,
893 2370 1005 2419 quasi
1046 2381 1132 2418 quae
1172 2372 1345 2406 ventrem
1377 2367 1555 2413 foveant;
1600 2366 1670 2403 sed
1699 2364 1808 2415 capt.

329 2441 405 2478 841
449 2439 608 2477 batillus
646 2438 899 2487 significatur.
944 2456 987 2462 —
1040 2438 1129 2474 107.
1171 2432 1317 2474 Iusses
1347 2435 1519 2484 Buggius
1561 2446 1633 2470 em.
1669 2432 1809 2483 Opusc.

330 2508 376 2546 ad
409 2507 581 2555 Madvig.
613 2520 650 2555 p.
688 2507 777 2553 176,
813 2506 859 2544 cf.
894 2506 944 2543 ad
974 2505 1077 2542 Men.
1113 2505 1204 2542 598.
1264 2503 1308 2541 R.
1346 2499 1552 2549 „Meliust“
1587 2503 1809 2552 scripserat.

328 2595 382 2600 —
417 2576 507 2612 108.
539 2570 720 2620 leallecisg
754 2575 776 2610 i.
811 2587 843 2610 e.
876 2575 1023 2620 muriae,
1056 2586 1106 2610 sc.
1140 2576 1211 2619 est,
1243 2572 1288 2609 cf.
1319 2572 1408 2609 160.
1469 2570 1535 2607 R.:
1569 2565 1809 2617 „hallecist“.

330 2664 378 2668 —-
418 2644 508 2680 109.
540 2638 594 2679 ad
622 2638 798 2690 yoniam,
834 2656 867 2679 v.
894 2641 942 2678 ad
966 2641 1055 2678 Aul.
1076 2641 1169 2678 717.
1230 2638 1426 2687 syllabam
1458 2637 1646 2676 excidisse
1676 2647 1810 2673 versus

331 2711 456 2748 docet.
522 2708 713 2758 IjsendiJ'k
745 2709 791 2746 de
822 2708 953 2746 Plauti
984 2708 1104 2747 Persa
1134 2722 1172 2758 p.
1208 2709 1277 2745 15:
1327 2707 1508 2756 „genium
1539 2701 1689 2741 meum“
1724 2714 1810 2740 con-

331 2778 438 2815 iecit.
499 2777 543 2814 R.
580 2773 855 2826 „ecquidnam“
891 2776 1066 2826 scripsit3
1103 2775 1242 2812 melius
1271 2774 1439 2812 Mueller
1469 2772 1629 2810 Nachtr.
1659 2784 1698 2821 p.
1734 2771 1810 2808 102
