2009 3218
364 227 443 266 342
1036 223 1155 257 Plauti
1600 223 1630 265 1,
1658 226 1688 267 1,
1712 225 1843 258 45—71

363 348 473 390 Nam
503 361 616 390 nunc
645 347 847 389 lenonum
881 352 925 389 et
955 350 1195 389 scortorum
1226 348 1324 401 plus
1356 352 1422 389 est
1451 346 1539 390 fere

363 420 500 470 Quam
532 419 631 460 olim
664 432 909 460 muscarum
943 423 1018 464 est,
1050 433 1180 473 quom
1212 418 1378 460 caletur
1406 433 1619 462 maxume.

363 491 472 532 Nam
503 503 716 544 nusquam
747 489 853 531 alibi
885 491 919 531 si
952 495 1066 539 sunt,
1100 491 1258 531 circum
1290 492 1561 542 argentarias

363 562 516 604 Scorta
547 565 590 602 et
619 560 899 615 lenones'qui
931 562 1082 603 sedent
1116 563 1287 610 cotidie,

364 634 428 675 Ea
458 634 590 675 nimia
621 636 688 675 est
718 634 851 685 rati03
911 634 1070 687 quippe
1102 634 1175 687 qui
1207 636 1325 674 certo
1359 634 1448 674 scio
1801 624 1848 679 570

364 701 428 742 Ibi
460 701 555 755 plus
586 707 824 745 scortorum
857 718 951 745 esse
983 706 1069 746 iam
1100 718 1231 758 quam
1260 705 1513 758 ponderum.

365 773 479 823 Quos
511 774 682 827 quidem
714 788 843 827 quam
877 775 930 816 ad
964 790 1052 817 rem
1085 776 1225 817 dicam
1256 777 1296 816 in
1330 777 1590 829 argentariis

365 844 540 886 Referre
572 845 731 888 habere
761 847 843 888 nisi
875 861 952 901 pro
984 847 1159 891 tabulis,
1191 848 1351 899 nescio,

365 915 449 957 Ubi
480 930 581 958 aera
611 918 935 970 perscribantur
966 919 1186 969 usuraria;

365 988 554 1041 Accepta
585 988 694 1040 dico,
727 1004 918 1043 expensa
947 1004 1000 1032 ne
1032 991 1107 1044 qui
1138 996 1324 1032 censeat.
1805 1003 1849 1037 75

364 1059 588 1101 Postremo
620 1065 668 1101 ut
700 1075 854 1115 magno
887 1063 930 1103 in
962 1062 1134 1115 populo,
1166 1063 1404 1104 innumeris
1435 1063 1693 1115 hominibus,

366 1132 426 1172 Re
459 1131 632 1185 placida
662 1137 795 1186 atque
828 1134 978 1186 otiosa,
1010 1134 1135 1175 uictis
1166 1134 1376 1185 hostibus,

364 1204 520 1245 Amare
552 1209 725 1257 oportet
757 1206 906 1255 omnis,
940 1207 1012 1258 qui
1046 1205 1160 1259 quod
1192 1205 1295 1247 dent
1325 1205 1498 1248 habent.

365 1275 473 1316 Nam
506 1276 608 1317 mihi
641 1276 748 1318 haec
780 1278 995 1328 meretrix,
1029 1291 1138 1331 quae
1170 1278 1240 1319 hic
1271 1278 1415 1330 habet,
1448 1278 1741 1330 Phronesium,

366 1347 495 1388 Suum
529 1362 680 1389 nomen
713 1363 837 1390 omne
871 1363 920 1390 ex
954 1354 1127 1403 pectore
1160 1351 1349 1392 exmouit
1379 1364 1486 1400 meo,
1805 1362 1849 1395 80

365 1419 658 1469 Phronesium,
691 1434 791 1461 nam
825 1421 1051 1474 phronesis
1084 1427 1150 1464 est
1181 1423 1407 1476 sapientia.

366 1492 475 1533 Nam
507 1506 572 1533 me
603 1492 736 1534 fuisse
768 1492 869 1534 huic
899 1492 1040 1534 fateor
1072 1508 1285 1535 summum
1318 1498 1448 1547 atque
1480 1494 1701 1542 intumum,

367 1563 491 1613 Quod
522 1566 708 1606 amantis
742 1565 875 1606 multo
909 1579 1157 1618 pessumum
1189 1570 1254 1607 est
1284 1565 1502 1618 pecuniae.

366 1635 529 1677 Eadem
562 1640 792 1690 postquam
825 1637 955 1679 alium
987 1639 1189 1692 repperit,
1221 1639 1296 1692 qui
1327 1638 1424 1691 plus
1457 1638 1592 1689 daret,

367 1709 704 1760 Damnosiorem‚
738 1709 891 1751 exinde
923 1724 989 1750 me
1022 1710 1158 1751 mouit
1189 1710 1295 1751 loco.
1622 1754 1626 1758 ,
1810 1719 1854 1753 85

367 1781 503 1830 Quem
535 1780 721 1822 antehac
752 1782 949 1822 odiosum
981 1781 1062 1822 sibi
1094 1795 1190 1823 esse
1222 1781 1491 1823 memorabat
1521 1780 1648 1831 mala,

367 1852 726 1906 Babyloniensem
759 1853 951 1903 militem,
983 1854 1019 1894 is
1051 1867 1163 1894 nunc
1194 1853 1352 1894 dicitur

371 1924 587 1965 Uenturus
618 1938 818 1978 peregre;
850 1938 899 1966 eo
930 1925 1039 1966 hunc
1068 1938 1181 1966 nunc
1212 1930 1440 1966 conmenta
1471 1929 1536 1966 est
1567 1923 1726 1966 dolum.

368 1995 592 2049 Peperisse
625 1997 798 2038 simulat
829 2011 935 2047 sese,
967 2001 1016 2038 ut
1045 2011 1112 2037 me
1144 1997 1347 2038 extrudat
1377 1995 1513 2048 foras3

367 2067 478 2109 Eum
509 2082 601 2110 esse
633 2068 810 2110 simulat
840 2069 1020 2110 militem
1051 2083 1184 2122 puero
1216 2073 1406 2122 patrem3
1809 2078 1854 2112 90
1885 2107 1888 2111 .

367 2140 508 2193 Atque
539 2145 587 2181 ut
618 2154 714 2181 cum
746 2141 838 2182 solo
870 2145 1178 2195 pergraecetur
1209 2140 1357 2190 milite,
2008 2195 2009 2199 Ἰ

368 2211 476 2252 Eum
509 2212 582 2253 isti
613 2213 883 2266 suppositum
915 2226 1094 2266 puerum
1127 2213 1283 2266 opinor
1314 2225 1552 2266 pessumae.
2006 2214 2009 2234 *

481 2399 524 2431 66
548 2396 643 2431 ferre
671 2396 700 2432 Ο
772 2398 907 2431 67-68
930 2397 1072 2432 inverso
1097 2396 1223 2431 ordine
1297 2397 1340 2430 67
1366 2395 1443 2438 Qua
1467 2407 1535 2430 nus
1559 2396 1595 2430 B
1665 2397 1708 2430 69
1733 2395 1854 2430 Scorti
2006 2391 2009 2419 Ι

368 2454 520 2488 lenones
545 2454 649 2497 quasi
731 2456 775 2487 70
799 2453 967 2488 Fanimia
991 2453 1026 2487 Β
1106 2455 1147 2486 71
1174 2453 1241 2487 Eri
1311 2464 1391 2487 eam
1472 2452 1686 2497 pondernnt
1712 2451 1740 2487 Ο
1810 2453 1855 2487 '74
2006 2422 2009 2475 Ι

369 2522 409 2545 ae
434 2511 477 2553 Β,
505 2511 560 2545 hae
589 2510 618 2545 C
683 2512 725 2544 75
753 2512 922 2555 Accipiat
993 2521 1082 2554 neq;
1110 2514 1258 2544 censeat
1333 2511 1377 2543 76
1402 2509 1440 2543 id
1517 2509 1654 2553 populo
1679 2510 1716 2543 in
1742 2509 1776 2544 B

368 2568 498 2601 mulier
579 2569 623 2601 77
647 2567 798 2611 plagida
879 2569 922 2601 79
947 2567 1163 2610 meret-rixq;
1190 2566 1224 2600 B
1305 2567 1516 2611 pronesium
1543 2565 1578 2599 B
1658 2567 1703 2600 80
1728 2576 1853 2600 omnes

368 2626 411 2658 84
438 2624 580 2668 reperit
604 2624 647 2666 B,
674 2625 817 2667 repperi
835 2623 863 2658 O
930 2624 1014 2667 pius
1034 2622 1079 2665 B,
1107 2625 1204 2668 prius
1233 2623 1262 2658 Ο
1326 2624 1370 2657 85
1395 2623 1483 2656 mihi
1509 2623 1614 2656 exine
1640 2622 1788 2665 (exinde
1814 2621 1853 2662 0>

369 2681 539 2714 immouit
632 2682 675 2713 86
700 2679 768 2722 Qui
793 2680 990 2715 manifesta
1015 2692 1056 2715 ac
1080 2680 1247 2714 odiosum
1353 2680 1398 2714 87
1423 2679 1719 2713 Babilonicnsem
1809 2679 1854 2713 88

368 2737 465 2770 hunc
486 2746 550 2771 om.
644 2737 688 2770 89
713 2736 908 2780 Reperisse
1012 2738 1056 2770 90
1081 2736 1169 2770 Cum
1265 2736 1442 2770 simulant
1534 2742 1650 2780 pueri-1
1674 2734 1709 2768 Β
1810 2735 1849 2769 91

369 2793 470 2837 Adq3
498 2794 525 2827 C
592 2804 745 2836 peregre
771 2799 880 2835 getur
905 2793 1011 2827 militi
1085 2795 1128 2827 92
1154 2804 1245 2837 opus
1316 2792 1475 2836 pessime
1500 2791 1547 2834 B,
1574 2803 1720 2835 pessum
1748 2790 1778 2826 0
