2009 3218
187 177 246 215 lv.
271 179 301 216 2.
327 178 459 212 29—44
798 175 1029 209 Trinummun
1586 180 1664 219 307

742 299 1092 354 Sycophanta

1357 358 1488 408 Heus,
1521 373 1663 409 senex,

181 430 342 472 Census
374 443 501 483 quom
534 442 639 477 sum,
672 429 852 470 iuratori
884 433 1001 469 recte
1034 429 1244 471 rationem
1278 430 1388 471 dedi.

182 500 462 543 Lesbonicum
495 500 563 542 hic
594 500 911 542 adulescentem
944 512 1120 553 quaero,
1152 502 1192 542 in
1227 501 1292 542 his
1324 502 1569 555 regionibus

181 571 259 614 Ubi
291 571 469 622 habitet,
501 576 544 613 et
574 572 674 613 item
707 571 891 612 alterum
924 570 979 612 ad
1003 572 1145 613 istanc
1170 573 1326 626 capitis
1355 572 1662 626 albitudinem3

180 643 398 686 Calliclem
431 643 576 685 aiebat
608 644 754 685 uocari
787 643 859 696 qui
892 642 969 684 has
1002 643 1105 684 mihi
1138 643 1258 685 ‹ledit
1289 645 1514 698 epistulas.
1598 657 1664 691 875

759 721 1077 764 Charmides

180 794 318 836 Meum
350 800 525 844 gnatum
568 794 636 836 hic
675 794 847 848 quidem
885 793 1167 835 Lesbonicum
1201 795 1373 848 quaerit
1404 801 1447 837 et
1479 797 1662 838 amicum

1125 879 1277 911 meum,

179 936 285 986 Quoi
317 951 395 989 ego
428 937 674 991 liberosque
707 937 905 991 bonaque
938 936 1234 987 conmendani,
1270 937 1505 981 Calliclem.

745 1016 1090 1070 Sycophanta

178 1086 260 1128 Fac
280 1101 358 1138 me,
384 1088 530 1136 sisois,
556 1089 796 1139 certiorem,
822 1088 940 1129 hisce
965 1087 1158 1130 homines
1183 1089 1257 1130 ubi
1283 1089 1490 1137 habitent,
1523 1095 1661 1145 pater.

758 1166 1072 1209 Charmides

176 1238 284 1289 Quid
323 1252 396 1280 eos
438 1239 642 1293 quaeris?
690 1245 767 1281 aut
805 1240 901 1294 quis
941 1239 1016 1281 es?
1061 1244 1136 1281 aut
1176 1240 1289 1282 unde
1321 1242 1395 1283 es‘?
1442 1247 1518 1283 aut
1549 1242 1661 1285 unde

1124 1311 1340 1355 aduenis?

742 1390 1090 1445 Sycophanta

174 1461 309 1502 Multa
337 1462 463 1503 simul
489 1463 672 1513 rogitas;
706 1464 850 1505 nescio
877 1462 981 1517 quid
1006 1463 1231 1515 expediam
1264 1465 1567 1518 potissumum.
1595 1477 1662 1511 880

176 1532 218 1574 Si
249 1547 378 1575 unum
410 1533 621 1587 quidquid
654 1533 905 1586 singillatim
938 1539 981 1575 et
1012 1534 1180 1588 placide
1212 1537 1538 1590 percontabere,

175 1605 226 1646 Et
258 1620 398 1647 meum
433 1620 587 1647 nomen
620 1610 664 1646 et
696 1619 791 1647 mea
821 1607 938 1647 facta
968 1612 1012 1647 et
1041 1607 1199 1648 itinera
1230 1620 1308 1660 ego
1339 1607 1438 1649 faxo
1469 1610 1591 1652 scias.

756 1684 1074 1727 Charmides

176 1755 346 1798 Faciam
380 1758 442 1798 ita
466 1761 514 1797 ut
537 1758 615 1797 uis.
678 1757 765 1810 Age
791 1756 903 1802 dum,
936 1770 1089 1798 nomen
1113 1763 1232 1799 tuum
1261 1759 1443 1811 primum
1469 1774 1660 1803 memora

1121 1829 1238 1871 mihi.

739 1907 1087 1962 Sycophanta

175 1977 372 2030 Magnum
408 1980 575 2021 facinus
607 1980 822 2032 incipissis
855 1985 1014 2033 petere.

757 2066 1074 2109 Charmides

1070 2138 1179 2190 Quid
1217 2140 1309 2181 ita?

735 2218 1089 2271 Sycophanta

1365 2276 1488 2329 Quia,
1520 2283 1657 2333 pater,

175 2343 216 2384 Si
248 2350 347 2386 ante
379 2345 516 2387 lucem
547 2347 609 2387 ire
641 2346 772 2387 hercle
804 2347 991 2400 occipias
1023 2360 1049 2388 a
1078 2361 1172 2389 meo
1205 2349 1343 2402 primo
1375 2351 1559 2401 nomine,
1591 2362 1658 2395 885

173 2413 434 2458 Concubium
467 2418 523 2458 sit
554 2419 693 2459 noctis
720 2419 839 2471 prius
864 2432 993 2471 quam
1019 2419 1074 2460 ad
1099 2425 1365 2473 postremum
1394 2425 1654 2474 perueneris.

281 2574 344 2608 871
372 2574 442 2609 heu
543 2576 610 2609 872
635 2587 712 2609 eum
739 2586 803 2610 om.
904 2577 971 2610 874
995 2576 1115 2611 istane
1140 2575 1209 2612 BG
1299 2578 1365 2612 875
1391 2578 1566 2614 Calliclen

173 2627 274 2664 «ledit
294 2630 384 2664 mihi
410 2629 445 2664 B
533 2632 601 2665 878
625 2633 673 2665 sis
699 2633 856 2666 certiore
881 2631 991 2667 hosce
1086 2631 1250 2668 habitem
1336 2636 1399 2670 881
1428 2635 1491 2670 Sin
1575 2648 1656 2681 per-

172 2685 369 2721 mutabere
396 2686 426 2722 G
513 2689 581 2722 882
605 2699 737 2722 numen
830 2688 930 2722 saxos
956 2687 992 2723 Β
1077 2690 1143 2724 884
1168 2690 1300 2735 incipis
1326 2692 1378 2726 sic
1405 2690 1433 2726 C
1513 2695 1654 2736 patrem

173 2740 238 2775 885
259 2740 379 2777 hercle
405 2753 471 2778 om.
500 2743 534 2786 C',
559 2744 718 2789 spatium
744 2743 779 2778 B

1248 2871 1251 2874 Ι
1287 2820 1350 2854 20*
