2009 3218
795 208 835 242 V.
863 209 1053 244 513-546.
1600 215 1676 253 641

190 336 290 378 Mea
318 368 353 377 ..
379 335 502 377 attuli
529 366 565 374 ..
588 333 790 386 pallulam
833 337 893 374 ed.
926 352 983 388 pr.
1061 349 1110 376 ear
1146 334 1345 388 Harpyia,
1395 338 1586 386 Gronov.‚
1632 340 1679 376 cf.

189 406 389 457 Aristoph.
423 407 494 443 Av.
522 406 620 443 493:
653 407 783 451 χλαῖνα
816 408 981 455 Φρυγίων
1012 408 1126 455 ἐρίων.
1159 425 1212 431 -
1246 408 1338 445 532.
1375 403 1586 445 ΐαηῆἶῖἲιυὶ
1618 408 1678 445 ed.

189 489 248 524 pr.
276 495 330 500 —
355 474 447 512 533.
480 470 631 511 misero
662 468 767 510 milli
796 473 934 522 scripsi
967 487 1102 511 versus
1133 473 1342 524 supplendi
1374 488 1509 522 causa3
1544 475 1680 513 Both.:

194 555 288 592 „ego
330 544 464 588 miser3
511 543 584 578 iam
617 539 752 578 mihi‘.
822 539 964 590 Speng.
1002 537 1433 592 ‚‚aurichalco“,¹'prob.
1467 542 1601 581 Below
1633 543 1680 580 de

190 611 298 648 hiatu
336 623 373 660 p.
413 610 472 647 18.
507 629 560 634 —
590 619 692 648 auro
724 609 888 655 contra,
930 608 977 646 cf.
1011 609 1060 646 ad
1091 609 1203 647 Cure.
1238 611 1330 648 201.
1364 631 1417 635 —
1459 611 1551 649 534.
1590 620 1679 649 mea

187 677 336 715 addidi.
412 673 538 716 nihili
570 677 692 715 Valla.
779 686 829 715 ex
869 672 1000 715 Sarra
1033 677 1217 726 Scaliger.
1293 677 1463 716 Sarrana
1500 692 1677 730 purpura

188 745 306 793 vulgo
347 745 509 792 nobilis,
558 759 593 783 v.
628 745 740 794 Verg.
776 744 918 795 Georg.
952 745 1008 792 II,
1050 746 1149 791 506,
1190 745 1239 783 ad
1280 759 1392 795 quem
1426 748 1552 784 locum
1584 747 1678 784 Pro-

186 813 279 851 bus:
331 813 486 861 „Tyron
524 813 681 852 Sarram
725 814 962 863 appellatam
990 813 1183 850 Homerus
1225 813 1358 860 docet,
1405 828 1518 864 quem
1561 816 1680 852 etiam

188 881 338 919 Ennius
393 883 573 931 sequitur
627 886 848 928 auctorem,
905 895 989 919 cum
1045 881 1142 919 dicit
1187 881 1340 919 Poenos
1380 882 1496 920 Sarra
1551 884 1682 920 oriun-

189 947 298 987 dos“.
348 950 393 987 cf.
427 949 528 987 Gell.
562 949 671 996 XIV,
711 952 754 996 6,
796 950 831 986 4.
911 949 1126 986 Buecheler
1169 948 1434 1000 „purpuram“
1480 950 1529 987 ad
1576 954 1683 988 ante-

187 1016 369 1055 cedentia
416 1017 596 1063 trahens,
643 1018 790 1055 voluit:
843 1030 997 1064 „eccum
1044 1031 1090 1054 ex
1129 1018 1275 1055 Arabia
1315 1018 1388 1054 tibi
1430 1018 1565 1055 Adtuli
1607 1024 1681 1064 tus,

190 1085 317 1123 Ponto
356 1084 597 1131 amomum“·,
644 1087 750 1135 quod
790 1087 856 1135 qui
896 1086 1112 1123 defendunt
1151 1085 1272 1122 allata
1311 1087 1541 1136 sycophanti
1573 1087 1682 1123 Trin.

189 1154 268 1191 933
309 1167 364 1203 sq.
400 1153 555 1191 Arabiae
597 1158 636 1190 et
675 1153 790 1191 Ponti
830 1154 1073 1201 confusione,
1123 1154 1218 1191 nihil
1256 1158 1395 1203 agunt3
1443 1167 1512 1191 nec
1560 1155 1682 1201 magis

190 1221 262 1259 huc
308 1223 479 1270 pertinet
518 1222 624 1272 quod
664 1222 816 1260 Plinius
856 1222 950 1268 XII,
991 1223 1043 1260 49
1085 1235 1277 1259 amomum
1318 1223 1423 1259 nasci
1464 1223 1518 1258 ait
1553 1223 1685 1269 „etin

191 1290 386 1327 Armeniae
416 1294 547 1339 parte,
586 1303 671 1340 quae
703 1295 866 1328 vocatur
897 1290 1041 1337 Otene,
1073 1295 1112 1328 et
1144 1291 1182 1327 in
1215 1289 1347 1327 Media
1379 1293 1418 1327 et
1448 1291 1487 1327 in
1518 1287 1686 1335 Ponto“,

188 1371 276 1408 quae
308 1359 425 1396 etiam
458 1360 489 1395 si
521 1372 612 1396 vera
643 1359 722 1396 sint
760 1372 831 1396 nec
864 1359 913 1395 ad
945 1359 1051 1396 aliud
1085 1359 1259 1396 eiusdem
1291 1357 1442 1394 arboris
1475 1369 1597 1406 genus
1629 1370 1687 1394 re-

188 1427 378 1473 ferantur,
411 1426 508 1464 illud
539 1431 670 1464 tamen
701 1430 869 1474 constat,
902 1431 966 1465 tus
998 1431 1036 1464 et
1069 1439 1273 1473 amomum,
1306 1439 1384 1475 quo
1417 1426 1465 1463 ad
1497 1425 1686 1463 sacrificia

187 1498 229 1532 et
259 1495 309 1532 ad
340 1495 429 1532 vitae
468 1495 599 1532 luxum
640 1495 853 1532 utebantur
883 1499 1126 1544 praeparato,
1169 1508 1246 1532 non
1289 1508 1336 1532 ex
1366 1494 1491 1531 Ponto
1522 1494 1684 1531 Romam

189 1564 353 1610 venisse,
394 1562 463 1600 sed
502 1576 548 1599 ex
578 1563 726 1600 Arabia
755 1577 826 1614 per
857 1563 1074 1614 AEgyptum
1109 1566 1175 1600 aut
1205 1563 1469 1600 Phoeniciam.
1548 1562 1685 1599 Verius

189 1630 291 1668 vidit
329 1631 495 1669 Bothius
544 1631 665 1678 „duas
705 1631 831 1669 Ponto
871 1630 1060 1669 amictus“
1103 1632 1293 1676 scribens,
1341 1644 1413 1668 nos
1458 1632 1623 1680 propius
1665 1643 1687 1666 a

189 1698 325 1737 codd.:
366 1696 471 1737 duas
504 1695 640 1738 Ponto
672 1696 877 1747 clzlaenaS,
910 1700 957 1738 cf.
990 1700 1040 1738 ad
1072 1701 1166 1737 531.
1207 1719 1260 1724 —
1302 1700 1393 1737 536.
1433 1695 1688 1747 Astaphium

193 1767 282 1805 add.
315 1767 401 1806 Sch.
464 1763 560 1806 hinc
591 1777 612 1805 e
641 1767 753 1806 Grut.
805 1787 852 1793 —
903 1769 997 1806 537.
1044 1764 1214 1817 Ecquid
1244 1776 1362 1805 amas
1392 1776 1456 1804 me
1486 1766 1592 1804 Cam.
1633 1786 1688 1792 —

190 1836 273 1874 538
305 1849 376 1873 em.
410 1835 516 1874 Cam.
550 1840 589 1874 et
620 1836 845 1874 Buecheler.
917 1835 1005 1886 Sp.:
1051 1836 1134 1883 „Ne
1166 1849 1304 1873 oenum
1337 1834 1498 1873 verbum
1530 1834 1686 1885 quidem

192 1902 444 1952 benignfim‘⁴.
476 1923 531 1929 —
564 1905 656 1943 541.
695 1914 796 1943 ‘num
828 1904 872 1942 tu
901 1914 965 1942 me
995 1901 1117 1942 'neuls
1149 1905 1299 1953 scripsi.
1366 1915 1490 1949 „nunc
1521 1906 1564 1939 tu
1596 1914 1686 1939 num

192 1973 253 2010 uis
286 1969 369 2008 me“
405 1971 491 2023 Sp.;
535 1986 650 2018 „num
681 1977 725 2010 tu
764 1985 840 2010 non
878 1970 1011 2010 neuis“
1048 1971 1156 2018 Sch.,
1201 1971 1306 2022 apud
1337 1983 1451 2021 quem
1482 1983 1517 2006 v.
1552 1970 1601 2007 al.
1634 1989 1689 1994 —-

195 2040 287 2079 542.
320 2049 473 2078 uenero
504 2041 649 2091 Bugg.;
690 2041 797 2079 Cam.
834 2041 910 2088 „ad
941 2044 980 2078 te
1011 2040 1087 2078 huc
1117 2040 1290 2077 cubitum
1321 2036 1474 2077 iuero“.
1506 2057 1561 2065 -—
1594 2038 1687 2076 543.

192 2105 294 2146 noui
323 2107 388 2158 Sp.
425 2128 472 2134 —
510 2110 602 2146 544.
626 2095 671 2146 ’ἐς
703 2108 792 2146 add.
826 2108 943 2147 Both.
1005 2105 1118 2147 ducit
1148 2108 1201 2146 id.
1234 2126 1287 2132 —
1319 2115 1539 2155 pompam,
1571 2119 1606 2144 v.
1641 2105 1689 2142 ad

194 2176 333 2214 Bacch.
355 2178 446 2214 112.
503 2176 662 2214 Servum
692 2176 894 2215 Diniarchi
925 2177 1031 2214 videt
1063 2189 1147 2214 cum
1180 2176 1345 2226 opsonio
1372 2175 1538 2224 aliisque
1565 2172 1688 2219 donis,

192 2257 281 2294 quae
313 2245 360 2282 ab
393 2245 480 2282 aliis
511 2259 588 2284 non
619 2246 756 2294 paucis
787 2246 912 2282 servis
940 2248 1196 2295 portarentur
1220 2256 1377 2281 necesse
1402 2246 1498 2289 erat,
1533 2255 1569 2279 v.
1597 2242 1689 2279 546.

311 2314 403 2351 546.
449 2313 606 2352 Titulus
643 2315 733 2351 huic
771 2326 895 2351 scenae
926 2312 1216 2362 suprascriptus
1248 2313 1286 2348 in
1319 2310 1431 2349 codd.
1465 2310 1575 2347 varie
1607 2322 1689 2347 cor-

195 2384 337 2431 ruptus
376 2387 448 2419 est.
522 2382 698 2420 Primum
729 2380 933 2419 Diniarchi
971 2393 1125 2418 servum
1165 2379 1386 2417 rubricator
1432 2373 1581 2416 Getam
1620 2390 1689 2427 ap-

196 2449 373 2498 pellavit,
404 2450 510 2500 quod
541 2464 682 2488 nomen
714 2465 748 2487 v.
777 2450 852 2487 571
889 2448 963 2486 sibi
994 2448 1126 2496 legere
1157 2447 1378 2486 videbatur.
1443 2447 1526 2484 Hoc
1550 2446 1691 2483 falsum

195 2529 280 2555 esse
325 2519 561 2556 monstravit-
606 2517 789 2568 Spengel.
829 2516 939 2567 praef.
971 2530 1009 2567 p.
1041 2515 1095 2553 IV
1125 2529 1204 2566 sq.;
1249 2528 1385 2553 verum
1433 2526 1572 2551 nomen
1617 2513 1693 2550 fuit

202 2580 399 2636 Cyamus,
442 2600 478 2624 v.
514 2587 606 2624 692.
641 2587 734 2624 577.
770 2585 869 2631 580,
911 2584 1137 2633 frustraque
1168 2583 1227 2621 illi
1257 2584 1533 2633 patrocinatur
1563 2580 1689 2631 Gepp.

196 2653 310 2692 stud.
335 2655 352 2691 I
374 2667 413 2704 p.
443 2656 518 2692 105
544 2667 629 2704 sqq.
697 2653 796 2690 Tum
828 2665 875 2690 ex
907 2652 1191 2702 depravatione
1225 2651 1442 2701 archetypi,
1477 2661 1563 2699 quae
1594 2651 1634 2686 in
1659 2649 1690 2686 B

198 2726 383 2771 apparet,
431 2723 531 2760 male
569 2722 597 2760 C
641 2718 924 2771 „Astaphium“
968 2719 1106 2758 effecit.
1179 2719 1237 2757 Ea
1276 2719 1373 2757 abiit
1414 2731 1448 2754 v.
1484 2718 1584 2764 536;
1632 2717 1693 2755 hic

199 2790 336 2828 militis
375 2804 520 2829 nomen
558 2789 782 2841 ponendum
821 2789 907 2826 fuit.
954 2807 1010 2815 —
1056 2786 1258 2826 Canticum
1298 2787 1437 2836 incipit
1477 2799 1498 2822 a
1538 2784 1691 2824 duobus

302 2864 337 2890 v.
1379 2862 1418 2894 41
