2009 3218
368 208 449 247 436
1054 202 1176 240 Persa.

367 333 508 371 Pseud.
551 334 641 370 335.
686 352 743 357 —-
786 330 1040 381 sapei-sistet,
1088 335 1284 382 superstes
1325 333 1388 370 sit.
1464 333 1603 370 Activa
1640 333 1676 368 vi
1714 333 1849 382 posuit

368 401 517 438 Ennius
556 413 617 450 ap.
649 399 751 438 Non.
791 413 828 450 p.
867 401 962 438 170:
1027 400 1303 450 „Regnumque
1346 402 1522 436 nostrum
1568 403 1612 436 ut
1655 400 1849 450 sospitent

368 464 739 518 superstitentque“.
772 487 826 492 -—
858 469 949 506 337.
981 466 1139 505 uendax
1170 467 1216 515 A,
1249 481 1284 505 v.
1311 467 1359 504 ad
1383 466 1522 517 Amph.
1544 467 1635 504 741.
1667 487 1721 492 -
1755 467 1845 503 338.

370 532 532 574 111&sz
564 533 676 583 quin,
709 549 743 572 v.
771 536 819 572 ad
850 536 988 585 Amph.
1014 536 1108 573 743.
1141 555 1196 560 —
1225 534 1396 585 Philippi
1427 534 1631 584 Attalique
1662 533 1848 584 aequalem

369 604 490 641 fuisse
527 603 641 640 huius
681 602 821 641 fabulae
859 607 1055 641 auctorem
1096 606 1278 654 apparet,
1327 616 1492 652 quorum
1524 602 1590 639 ille
1621 602 1668 639 ab
1700 615 1733 638 a.
1768 602 1844 639 221

369 670 417 708 ad
454 672 543 717 179,
574 670 638 708 hic
669 669 716 707 ab
749 684 782 708 a.
817 671 893 709 241
929 671 979 708 ad
1014 673 1088 709 197
1122 671 1313 719 regnavit.
1350 690 1396 695 —
1431 670 1523 708 340.
1569 666 1660 717 „tu“
1695 682 1769 706 om.
1801 669 1847 705 A.

369 759 424 764 —
463 739 554 776 342.
594 735 811 787 imperium
842 739 983 777 omisso
1019 736 1125 786 „est“
1160 738 1267 776 Cam.
1337 738 1468 775 Possis
1499 739 1615 775 etiam
1651 738 1714 785 „in
1744 733 1845 773 test“

369 806 554 845 scribere.
607 806 652 844 R.
675 807 813 856 „opino
838 804 1124 856 imperiumst“.
1142 826 1197 832 —
1217 807 1293 844 345
1313 805 1480 843 afferunt
1497 805 1695 843 Charisius
1710 817 1749 854 p.
1771 805 1846 842 185

370 877 411 913 et
440 874 589 913 Nonius
619 888 657 924 p.
693 875 771 912 342
809 878 891 920 „est
923 872 1085 912 melius“
1121 875 1349 912 scribentes
1377 893 1429 898 —
1462 874 1653 912 346—47
1685 872 1852 910 afferunt

369 932 510 981 Festus
539 956 578 992 p.
598 942 677 979 294
700 940 973 992 „immigrans“
1005 942 1188 989 scribens,
1217 945 1255 979 et
1270 941 1418 978 Nonius
1442 954 1478 990 p.
1501 943 1602 979 177:
1639 940 1760 988 „Nam
1783 939 1850 977 ubi

370 1010 418 1048 ad
435 1012 707 1061 paupertatem
726 1011 887 1047 accessit
914 1010 1123 1058 infamiam,
1150 1014 1362 1059 paupertas
1380 1011 1541 1058 grauior
1558 1007 1672 1046 cett.“
1722 1003 1850 1046 suble·

368 1075 485 1125 stior,
516 1077 720 1124 infirmior,
753 1091 788 1114 v.
823 1077 869 1114 ad
901 1077 1038 1115 Bacch.
1068 1079 1159 1115 539.
1196 1097 1243 1103 —-
1280 1078 1373 1115 348.
1406 1074 1505 1114 Non
1537 1087 1642 1123 sum,
1675 1076 1720 1114 cf.
1757 1077 1849 1114 370.

368 1146 449 1184 Nec
465 1146 650 1194 alioquin,
675 1146 814 1195 inquit,
842 1145 976 1183 odiosa
1001 1159 1084 1182 sum
1102 1159 1171 1182 nec
1189 1145 1292 1195 quod
1308 1145 1440 1195 puella
1465 1148 1617 1195 patrem
1645 1144 1849 1182 admoneo.

368 1214 464 1251 Nam
497 1214 741 1250 inimicorum
773 1226 886 1250 causa
919 1212 1132 1250 cavendum
1163 1216 1241 1261 est,
1289 1213 1357 1262 qui
1395 1225 1474 1250 rem
1514 1225 1589 1250 non
1621 1213 1677 1250 ita
1706 1215 1750 1249 ut
1780 1216 1848 1259 est,

368 1282 437 1319 sed
466 1284 513 1318 ut
542 1280 669 1318 videri
699 1284 842 1331 potest,
877 1294 1036 1319 narrare
1067 1281 1204 1319 solent.
1232 1302 1278 1306 —
1311 1282 1401 1318 350.
1434 1280 1482 1318 ut
1508 1280 1607 1319 nata
1635 1279 1697 1318 est
1724 1280 1770 1327 A,
1802 1279 1850 1317 cf.

369 1363 448 1386 rem
481 1352 633 1395 natam,
680 1348 729 1386 ad
767 1349 904 1387 Bacch.
941 1351 1032 1387 215.
1079 1369 1133 1374 ——
1176 1345 1338 1397 ferun&
1384 1349 1501 1398 vulgo
1539 1348 1683 1385 dicitur
1726 1348 1852 1394 „fama

369 1415 487 1465 fert“,
520 1417 582 1454 hic
611 1418 751 1454 famam
782 1418 927 1463 ferunt,
961 1417 1008 1454 cf.
1041 1417 1149 1454 Trin.
1187 1417 1277 1455 187.
1301 1436 1356 1442 -
1389 1417 1480 1454 352.
1512 1416 1673 1454 Numer-i
1705 1415 1850 1453 claudi-

370 1489 480 1531 cant,
526 1485 601 1522 nisi
644 1483 886 1533 „inimicias“
929 1486 1182 1535 pronunties,
1229 1499 1263 1523 v.
1296 1485 1448 1532 Proleg.
1480 1498 1518 1534 p.
1552 1485 1645 1522 211.
1719 1482 1849 1521 Guiet.
1905 1482 1908 1485 ’

374 1550 492 1601 „ego“
528 1552 703 1599 delebat,
744 1553 859 1591 Both.
894 1552 936 1590 R.
975 1554 1121 1599 „omnis
1152 1549 1400 1591 inimicitias‘·
1435 1552 1628 1599 scribunt,
1669 1551 1850 1601 Spengel.

369 1621 496 1658 Plaut.
528 1635 566 1671 p.
601 1622 648 1658 31
687 1619 926 1667 „inimicos“.
968 1639 1022 1645 —
1061 1621 1245 1659 aeslumo
1276 1620 1456 1669 Pylades.
1527 1620 1609 1657 Hoc
1638 1619 1679 1656 in
1710 1618 1745 1655 A
1774 1619 1852 1667 legi

369 1689 521 1727 notavit
550 1688 608 1735 R.‚
641 1692 759 1738 negat
790 1688 913 1738 Gepp.
946 1688 1057 1726 Stud.
1091 1689 1128 1726 II
1158 1703 1195 1740 p.
1230 1691 1267 1727 2.
1300 1709 1353 1713 —
1387 1689 1478 1726 358.
1514 1697 1601 1725 meo
1631 1683 1772 1734 modo,
1813 1701 1850 1725 v.

371 1757 420 1794 ad
455 1757 561 1794 Men.
603 1757 696 1794 248.
752 1756 854 1794 infra
895 1758 986 1795 373.
1033 1776 1087 1782 --
1135 1758 1226 1796 359.
1274 1753 1371 1795 Fiat
1408 1769 1493 1793 cum
1533 1754 1852 1793 antecedentibus

369 1826 479 1863 iunxi
515 1825 658 1862 omisso
693 1823 801 1872 „ut“,
833 1838 868 1861 v.
901 1823 951 1861 ad
981 1824 1136 1862 Trucul.
1166 1826 1265 1872 7323
1311 1825 1530 1875 superiores
1560 1826 1850 1874 separaverant,

369 1893 479 1943 quasi
509 1894 703 1943 precantis
734 1895 835 1930 esset
869 1892 1050 1940 „Utinam
1078 1890 1195 1939 fiat“;
1227 1892 1295 1930 sed
1326 1906 1346 1929 a
1377 1892 1560 1942 precibus
1590 1894 1706 1941 pater
1736 1891 1850 1940 longe

369 1964 542 1999 remotus
573 1963 643 1998 est.
708 1956 819 2009 Quae
850 1956 947 1998 haec
976 1971 1042 1999 res
1071 1957 1202 1998 sunt?
1230 1961 1471 2010 indignantis
1494 1959 1755 2007 interrogatio
1780 1962 1851 2004 est,

371 2043 408 2066 v.
441 2029 490 2067 ad
531 2030 637 2066 Asin.
671 2029 764 2066 474.
839 2028 988 2067 Ritsch.
1029 2029 1168 2078 Opusc.
1210 2028 1268 2066 ΠΙ
1304 2042 1343 2078 p.
1380 2029 1477 2066 129:
1535 2027 1626 2075 „UL
1667 2027 1724 2064 Ne
1763 2024 1850 2064 fiat!

371 2096 444 2135 SA.
487 2097 593 2143 Quae
624 2094 741 2134 res‘?“
783 2116 836 2121 --
877 2098 967 2134 361.
1018 2093 1201 2135 Tametsi
1237 2096 1373 2144 Both.;
1420 2096 1464 2133 R.
1498 2109 1545 2133 ex
1582 2094 1852 2133 incertissimis

370 2165 547 2214 vestigiis
564 2165 615 2202 A:
653 2164 821 2211 „Tamen
852 2166 884 2202 si
917 2165 1080 2202 daturus
1110 2178 1187 2202 non
1220 2161 1318 2202 est“.
1344 2184 1398 2190 —-
1426 2164 1517 2202 362.
1553 2160 1713 2201 tunicas
1741 2163 1852 2201 binas

372 2233 601 2282 gestabant,
649 2246 684 2269 v.
724 2232 772 2269 ad
804 2233 942 2282 Amph.
985 2234 1077 2271 364.
1123 2252 1178 2258 --
1225 2233 1304 2270 364
1345 2245 1402 2282 sq.
1448 2231 1553 2269 Fieri
1594 2244 1671 2269 non
1708 2233 1850 2281 potest,

372 2301 511 2350 inquit,
545 2300 637 2349 quin
664 2300 764 2338 mala
788 2301 838 2338 sit
861 2302 982 2350 virgo,
1011 2313 1097 2350 quae
1122 2303 1214 2338 cett.
1275 2297 1377 2350 quin
1396 2331 1402 2337 .
1424 2331 1430 2338 .
1451 2330 1458 2337 .
1478 2308 1592 2349 quae,
1625 2299 1672 2338 cs.
1692 2299 1770 2337 366
1795 2311 1851 2348 sq.

373 2368 460 2405 Ter.
495 2367 636 2404 Heaut.
671 2369 747 2406 805
781 2382 837 2418 sq.
871 2382 957 2407 ann.
991 2368 1039 2406 ad
1066 2368 1204 2419 Amph.
1237 2369 1327 2406 154.
1364 2389 1410 2394 —
1436 2367 1606 2418 praeter
1637 2377 1770 2416 quam,
1803 2367 1850 2405 cf.

373 2435 492 2472 Merc.
527 2436 592 2473 94.
647 2434 733 2473 Ter.
769 2436 904 2474 Heaut.
941 2438 990 2474 59
1024 2449 1102 2486 sq.:
1160 2436 1278 2484 „mihi
1318 2435 1453 2474 uidere
1489 2439 1648 2486 praeter
1686 2438 1852 2474 aetatem

373 2507 480 2540 tuam
512 2503 655 2540 Facere
695 2508 732 2541 et
768 2508 926 2554 praeter
964 2518 1079 2555 quam
1109 2517 1171 2542 res
1201 2507 1240 2542 te
1272 2503 1504 2542 adhortatur
1532 2501 1640 2541 tua“.
1672 2522 1727 2528 -
1758 2503 1850 2541 368.

376 2566 494 2608 Malo
519 2580 674 2618 cauere,
707 2572 752 2609 cf.
772 2572 819 2609 ad
838 2572 973 2611 Bacch.
997 2573 1086 2610 145.
1127 2572 1231 2610 Men.
1262 2573 1351 2610 123.
1411 2571 1508 2609 Tum
1539 2573 1669 2620 virgo:
1705 2571 1851 2619 „Immo

375 2652 511 2676 cavere
552 2640 663 2689 cupio
701 2652 747 2675 ne
787 2640 878 2689 quid
917 2640 990 2677 tibi
1029 2641 1182 2678 eveniat
1210 2636 1340 2677 mali“.
1415 2638 1486 2677 Cui
1518 2639 1675 2678 Saturio
1706 2641 1763 2677 ita
1791 2651 1852 2677 re-

375 2707 560 2756 spondet,
608 2707 717 2756 quasi
758 2707 905 2745 homini
944 2708 1045 2746 malo
1083 2721 1123 2746 se
1162 2720 1297 2746 cavere
1335 2707 1435 2744 velle
1466 2706 1640 2746 dixisset.
1671 2726 1726 2733 —
1759 2708 1848 2744 371.

381 2770 533 2812 Uerum
565 2775 623 2812 ed.
657 2788 716 2824 pr.
748 2794 802 2800 —
835 2776 927 2813 372.
963 2771 1090 2814 Dicat
1121 2773 1230 2825 quor?
1259 2773 1433 2825 quisque
1463 2771 1567 2821 uolt,
1600 2775 1647 2814 cf.
1678 2774 1849 2824 Madvig.

1945 2833 1951 3001 l

1936 3007 1949 3099 1

1902 3215 1905 3218 ,
1941 3111 2006 3218 [ii
