2009 3218
194 246 220 288 Ι,
247 248 278 281 2.
305 248 403 288 5—3‚
429 248 449 280 2
878 248 998 282 Perea.
1630 252 1674 289 11

191 371 332 422 Pater,
363 386 483 420 auos,
518 387 717 426 proauos,
738 373 926 419 abauos,
960 377 1129 420 atanos,
1163 373 1344 414 tritauos

191 442 325 493 Quasi
357 458 498 485 mures
530 459 700 498 semper
731 445 857 486 edere
890 445 1079 486 alienum
1109 444 1264 495 cibum,

189 514 337 570 Neque
369 516 584 558 edacitate
616 530 688 559 eos
719 517 946 571 quisquam
980 521 1154 570 poterat
1184 517 1376 566 uincere,
1635 530 1679 563 60
1744 518 1746 520 ’

188 586 246 628 Iis
278 594 608 640 cognomentum
640 593 735 630 erat
765 588 884 630 duris
916 588 1205 642 capitonibus.

188 658 311 701 Unde
342 659 454 701 hunc
486 674 563 714 ego
595 665 823 714 quaestum
855 661 1029 715 optineo
1063 666 1106 702 et
1138 661 1349 702 maiorum
1380 661 1542 713 locum;

188 731 336 785 Neque
369 731 654 786 quadruplari
688 747 753 774 me
785 732 902 783 uolo3
937 747 1076 786 neque
1109 732 1220 773 enim
1254 732 1378 774 decet

189 803 288 845 Sine
321 818 413 845 meo
447 804 607 858 periclo
639 805 699 845 ire
732 804 873 846 aliena
905 809 1100 858 ereptum
1134 804 1261 856 bona,

185 874 333 929 Neque
365 875 439 922 illi,
473 876 543 928 qui
576 875 751 927 faciunt,
783 876 886 917 mihi
921 876 1105 930 placent.
1169 875 1332 917 Planen
1364 877 1548 931 loquor‘.>
1631 890 1675 923 65

185 947 294 989 Nam
327 947 525 1001 publicae
557 950 616 990 rei
649 962 780 990 causa
812 948 1072 1002 quicumque
1104 947 1148 989 id
1179 948 1284 989 facit

185 1019 321 1072 Magis
353 1034 481 1073 quam
515 1020 581 1061 sui
613 1021 797 1075 quaesti,
830 1021 997 1062 animus
1028 1019 1171 1061 induci
1205 1024 1361 1074 potest,

186 1091 292 1134 Eum
326 1106 414 1133 esse
447 1092 583 1133 ciuem
617 1096 660 1133 et
690 1092 858 1134 fidelem
891 1096 934 1133 et
965 1091 1138 1133 bonum.

186 1162 268 1205 Sed
301 1163 537 1217 legirupam
571 1165 644 1218 qui
677 1164 864 1216 damnet,
895 1164 968 1205 det
998 1165 1040 1205 in
1073 1163 1293 1218 publicum

183 1235 439 1287 Dimidium3
471 1241 602 1290 atque
635 1237 766 1278 etiam
799 1238 841 1278 in
873 1250 923 1277 ea
954 1235 1048 1290 lege
1080 1236 1364 1279 adscribitor:
1628 1251 1673 1284 70

185 1306 266 1349 Ubi
298 1308 610 1363 quadruplator
640 1310 882 1364 quempiam
916 1309 1068 1350 iniexit
1096 1323 1280 1361 manum,

184 1380 408 1422 Tantidem
442 1380 513 1422 ille
544 1380 664 1422 illum
696 1395 845 1423 rursus
877 1382 1027 1422 iniciat
1058 1395 1243 1432 manum,

185 1451 243 1494 Ut
273 1466 412 1506 aequa
442 1454 557 1507 parti
589 1452 802 1508 prodeant
832 1453 885 1496 ad
916 1454 1128 1496 trisuiros.

185 1524 228 1566 Si
260 1524 303 1566 id
334 1524 420 1575 fiat,
451 1539 503 1566 ne
534 1526 605 1566 isti
636 1525 767 1567 faxim
799 1539 1014 1579 nusquam
1046 1530 1299 1580 appareant,

187 1595 268 1645 Qui
299 1596 368 1638 hic
400 1596 499 1638 albo
531 1602 622 1638 rete
655 1597 796 1639 aliena
826 1602 1081 1651 oppugnant
1112 1598 1235 1640 bona.
1628 1613 1670 1646 75

189 1667 269 1710 Sed
304 1683 451 1710 sumne
485 1682 562 1722 ego
595 1668 768 1720 stultus,
799 1670 873 1724 qui
904 1684 993 1711 rem
1024 1683 1126 1712 curo
1158 1670 1389 1724 publicam,

187 1739 269 1781 Ubi
299 1740 384 1781 sint
416 1741 708 1794 magistratus,
740 1753 848 1795 quos
879 1755 1030 1783 curare
1063 1743 1290 1796 oporteat?

184 1811 307 1853 Nunc
338 1812 420 1854 huc
452 1814 566 1854 intro
598 1812 689 1865 ib03
721 1814 859 1855 uisam
891 1813 1115 1856 hesternas
1146 1814 1369 1869 reliquias,

185 1883 434 1934 Quierintne
465 1890 581 1927 recte
611 1899 766 1937 necne3
798 1900 899 1927 num
929 1885 1062 1928 fuerit
1090 1886 1242 1938 febris;

183 1956 399 2010 Opertaen
429 1956 600 2007 fuerint,
632 1972 685 2000 ne
717 1958 814 2012 quis
845 1959 1154 2012 opreptauerit.
1627 1972 1673 2006 80

183 2027 267 2070 Sed
296 2029 553 2082 aperiuntur
582 2029 733 2081 aedes3
764 2030 1067 2072 remorandust
1096 2031 1270 2083 gradus.

634 2221 818 2263 TOXIL
829 2222 902 2265 US
962 2223 1227 2267 SATURIO

815 2341 940 2383 Toxi
951 2343 1031 2384 lus

179 2410 359 2453 Omnem
389 2425 479 2453 rem
510 2413 668 2461 inueni,
698 2418 748 2454 ut
779 2427 858 2456 sua
888 2415 970 2456 sibi
1000 2415 1184 2468 pecunia

177 2483 317 2525 Hodie
348 2483 468 2526 illam
500 2484 635 2526 faciat
664 2484 760 2526 leno
791 2484 991 2528 libertam
1024 2499 1160 2529 suam.
1204 2516 1207 2519 -

290 2597 331 2631 61
359 2595 487 2642 Neque
512 2597 557 2631 iis
582 2596 627 2640 B,
654 2607 772 2641 neque
797 2597 866 2632 hiis
893 2597 923 2633 0
1040 2599 1085 2634 62
1110 2608 1179 2644 ego
1204 2599 1303 2634 hunc
1430 2601 1474 2634 64
1497 2601 1663 2645 periculo

177 2654 221 2688 65
245 2653 354 2698 plane
383 2653 412 2689 O
573 2654 618 2688 66
643 2654 790 2698 quicum
818 2654 848 2690 Ο
1002 2656 1046 2690 69
1072 2655 1146 2691 Sed
1172 2657 1202 2690 si
1226 2657 1307 2702 lege
1332 2669 1500 2702 rumpam
1526 2657 1574 2702 B,
1599 2659 1663 2693 sed

178 2711 258 2754 lege
283 2722 449 2755 rumpam
478 2710 507 2746 C
628 2711 775 2754 quidam
801 2723 847 2746 ne
873 2711 907 2745 Β
1034 2714 1079 2747 70
1103 2712 1306 2748 adscribier
1330 2713 1376 2757 Β,
1404 2714 1613 2749 adscribere
1628 2714 1667 2749 Ὀ

176 2769 216 2801 71
245 2767 357 2802 inlexi
427 2769 470 2802 72
494 2767 554 2802 ille
579 2768 631 2802 illi
701 2768 822 2802 initiat
890 2770 935 2803 73
960 2769 1009 2804 Et
1027 2768 1056 2805 G
1123 2771 1168 2804 '74
1190 2781 1344 2814 usquam
1414 2772 1458 2805 76
1483 2782 1622 2805 summe
1639 2771 1667 2806 C

176 2825 220 2858 79
245 2823 556 2867 Quieuenerintne
649 2824 798 2859 infuerit
890 2826 934 2860 80
958 2824 1145 2871 Oportene
1239 2828 1279 2861 81
1307 2828 1549 2863 remorandus
1575 2834 1629 2863 est
