2009 3218
336 161 416 199 392
1015 155 1134 189 Plauti
1157 206 1161 208 λ
1545 152 1604 195 IV,
1631 155 1663 197 2,
1689 154 1822 188 42-5'7

917 275 1239 334 Astap'hium
1269 288 1275 293 ·

463 354 506 395 Si
538 357 670 395 uocat
703 366 780 403 me,
812 365 923 406 quae
955 352 999 392 in
1031 365 1096 392 me
1128 354 1274 405 potest
1305 350 1400 404 plus
1431 363 1563 404 quam
1594 354 1731 404 potes.
1758 363 1825 397 745

918 441 1247 483 Diniarohus

338 502 434 544 Uno
466 500 613 542 uerbo.

925 570 990 611 As
1003 569 1244 623 taphium

661 628 887 681 Eloquere.

920 697 1249 739 Diniarchus

938 769 1084 810 Mittin
1116 783 1183 810 me
1213 769 1358 810 intro?

927 859 1243 913 Astaphium
1494 912 1500 916 ἡ

1430 931 1615 974 Mendax
1645 946 1715 985 ex3
1745 933 1830 975 abi.

345 1007 485 1049 Unum
518 1006 663 1057 aibas3
695 1006 780 1046 tria
812 1005 919 1046 dixti
951 1004 1106 1054 uerba3
1139 1009 1269 1058 atque
1301 1004 1370 1045 och·
1399 1004 1506 1045 male
1535 1004 1825 1057 mendacia..)

924 1098 1254 1140 Diniarchus
1752 1153 1754 1156 y

344 1173 463 1214 Abiit
493 1173 629 1223 intr03
662 1186 726 1212 me
757 1171 874 1212 lusit.
934 1171 1024 1224 Ego
1056 1175 1104 1211 ut
1134 1170 1242 1212 haec
1277 1170 1377 1211 mihi
1409 1171 1552 1225 patiar
1581 1170 1705 1213 fieri?

345 1245 435 1286 Iam
467 1243 609 1285 hercle
642 1257 721 1297 ego
747 1243 840 1293 tibi,
872 1242 1102 1293 inlecebra,
1134 1242 1259 1283 ludos
1287 1242 1442 1283 faciam
1468 1243 1653 1285 clamore
1680 1245 1723 1285 in
1749 1246 1831 1295 uia,

346 1316 464 1366 Quae
497 1315 729 1356 aduorsum
762 1315 896 1367 legem
931 1315 1135 1368 accepisti
1169 1329 1194 1355 a
1226 1314 1433 1367 plurumis
1466 1317 1706 1371 pecuniam.
1768 1328 1834 1362 750
1888 1344 1890 1346 -

346 1388 436 1430 Iam
466 1387 610 1429 hercle
651 1387 766 1440 apud
807 1386 885 1429 hos
924 1387 1062 1428 omnis
1103 1387 1380 1439 magistratus
1419 1386 1518 1428 faxo
1558 1388 1640 1429 erit
1680 1403 1830 1430 nomen
1902 1419 1908 1424 ·

1295 1461 1438 1510 tuum3

342 1532 488 1573 Postid
524 1546 602 1584 ego
634 1536 677 1572 te
709 1545 882 1572 manum
913 1531 1087 1572 iniciam
1119 1530 1364 1585 quadrupli,
1397 1530 1604 1572 uenefica.

343 1604 597 1658 Suppcstrix
639 1617 843 1657 puerum3
889 1616 966 1655 ego
1007 1603 1161 1657 edepol
1198 1604 1281 1646 iam
1327 1606 1403 1644 tua
1449 1602 1610 1656 probra
1655 1578 1830 1658 aperibo

1295 1675 1451 1716 omnia.

341 1749 458 1790 Nihil
480 1748 614 1799 pudet
645 1761 731 1798 me;
764 1747 930 1800 perdidi
963 1762 1086 1788 omne
1120 1748 1235 1801 quod
1267 1747 1370 1799 fuit-,3
1401 1746 1457 1789 fio
1488 1747 1716 1801 inpudens,

341 1821 429 1861 Nec
448 1820 549 1860 mihi
568 1820 720 1860 adeost
737 1819 955 1860 tantillum
977 1820 1095 1872 pensi
1121 1820 1206 1859 iam
1232 1833 1339 1873 quos
1364 1820 1534 1872 capiam
1559 1819 1738 1861 calceos.
1765 1832 1831 1865 755

341 1893 423 1934 Sed
455 1891 559 1945 quid
591 1905 669 1943 ego
703 1890 770 1932 hic
802 1891 968 1932 clamo?
1016 1891 1125 1942 Quid
1153 1892 1188 1932 si
1217 1905 1282 1932 ine
1313 1891 1462 1933 iubeat
1492 1892 1606 1933 intro
1639 1893 1830 1934 mittier?

342 1963 569 2017 Conceptis
601 1977 666 2003 me
698 1977 783 2004 non
816 1963 1029 2004 facturum
1059 1963 1206 2005 uerbis
1239 1964 1386 2006 iurem.
1420 1964 1453 2005 si
1486 1963 1605 2005 uelit.

341 2037 487 2089 Nugae
517 2039 640 2086 suntg
672 2036 706 2076 si
738 2035 937 2076 stimulos
970 2036 1125 2089 pugnis
1158 2035 1317 2085 caedis,
1351 2035 1551 2077 manibus
1582 2036 1677 2089 plus
1701 2036 1828 2078 dolet.

342 2109 402 2149 De
434 2107 567 2148 nihilo
600 2107 708 2148 nihil
741 2112 808 2148 est
837 2108 977 2157 irasci,
1011 2122 1121 2162 quae
1152 2112 1195 2148 te
1227 2123 1311 2149 non
1343 2107 1465 2149 flocci
1496 2107 1613 2149 facit.

342 2180 425 2222 Sed
463 2179 568 2234 quid
608 2179 689 2221 hoc
732 2180 824 2220 est‘?
899 2179 981 2221 Pro
1029 2180 1072 2220 di
1117 2179 1393 2228 inmortales,
1439 2178 1659 2222 Calliclem
1707 2179 1831 2222 uideo

1290 2265 1448 2301 senem,
1765 2263 1832 2298 760

452 2389 518 2422 745
544 2398 652 2431 qnam
679 2390 802 2430 potest
942 2387 1008 2420 746
1033 2387 1128 2420 mitti
1156 2388 1192 2421 in
1343 2388 1410 2421 747
1435 2387 1560 2421 alebat
1583 2387 1713 2422 stridia
1738 2387 1828 2422 dixti

339 2446 451 2488 (dixit.
476 2443 525 2487 Β)
622 2445 731 2478 uerbc
757 2445 790 2479 Β
880 2445 939 2477 odi
967 2444 1060 2478 male
1086 2455 1152 2479 om.
1244 2446 1311 2478 748
1335 2444 1466 2478 inoluit
1490 2443 1536 2486 B,
1561 2443 1683 2479 induit
1709 2444 1739 2480 0

339 2503 457 2545 patiat
482 2501 518 2535 Β
634 2503 699 2534 749
725 2501 883 2536 clamore
908 2500 944 2535 Β
1059 2503 1126 2535 750
1151 2501 1227 2544 Que
1253 2500 1286 2535 B
1392 2501 1589 2545 accepistis
1615 2501 1660 2536 ad
1763 2503 1826 2536 751

341 2560 433 2593 liam
459 2558 488 2593 Ο
623 2569 690 2591 nos
829 2560 897 2592 752
923 2558 1065 2592 initiam
1093 2558 1307 2603 quadi-upiis
1334 2558 1560 2603 (quadrupus
1587 2558 1627 2600 Ο)
1654 2557 1830 2594 beneficia

338 2618 405 2650 753
432 2616 506 2649 itua
534 2615 651 2660 proba
750 2615 815 2647 754
843 2614 943 2649 Nihil
969 2627 1026 2649 me
1052 2615 1195 2660 perdidi
1290 2621 1397 2650 omne
1423 2614 1457 2648 B
1561 2618 1628 2650 755
1653 2616 1758 2651 adest
1782 2615 1829 2651 ad

339 2673 440 2706 illum
548 2673 614 2705 756
640 2671 779 2704 mittiar
806 2670 855 2713 B,
890 2672 1016 2706 mittar
1043 2671 1071 2706 Ο
1181 2674 1247 2707 757
1274 2671 1375 2706 nerui
1403 2672 1511 2706 sireni
1539 2673 1662 2708 sileuit
1763 2673 1829 2708 '758
1901 2664 1908 2672 ⁶

343 2729 447 2773 Nuge
474 2729 507 2763 Β
599 2728 698 2762 cedis
737 2755 742 2760 ⁸
791 2730 858 2762 760
883 2729 952 2762 hoe
977 2729 1082 2763 om.B
1176 2729 1387 2765 callictenui
1414 2729 1457 2763 de
