2009 3218
315 200 396 239 630
927 195 1182 231 Truculentus.

312 321 482 370 scelesti,
514 325 540 361 i.
573 337 605 361 6.
637 323 814 370 infelicis,
847 337 881 361 v.
915 325 964 361 ad
994 325 1104 362 Asin.
1137 324 1230 363 473.
1271 344 1324 350 -
1365 326 1456 362 312.
1497 320 1639 372 sinapi
1668 325 1714 370 A,
1745 324 1792 362 cf.

311 391 450 429 Pseud.
485 392 578 428 821.
610 411 665 416 —
698 393 790 429 313.
823 388 962 429 uisust
989 401 1064 430 suo
1087 393 1132 429 A.
1164 412 1219 417 —
1251 393 1344 430 314.
1377 401 1495 441 spero
1526 388 1725 429 inmutari
1747 392 1793 429 A.
1839 436 1843 440 ¹

309 458 407 508 pote
435 458 741 506 Kampmannus,
774 473 809 495 v.
843 457 892 496 ad
921 459 1010 496 Aul.
1045 460 1137 497 301.
1176 478 1231 485 —
1271 461 1362 497 315.
1406 456 1631 498 oramentis
1661 459 1792 496 Meur-

311 528 403 562 sius.
464 521 668 563 illecebris
697 526 902 575 Kiessling.
961 523 1204 565 meretriciis
1227 529 1273 564 A.
1305 547 1359 552 —
1391 528 1484 564 316.
1515 526 1596 564 Iam
1628 527 1793 575 palimp-

312 594 409 630 sesti
447 606 522 642 ope
559 592 808 631 destituimur
843 606 967 643 usque
1007 594 1056 631 ad
1097 595 1189 631 349.
1264 603 1314 631 eoe
1356 590 1571 631 indomitis
1617 591 1794 632 domitas

310 655 405 708 fieri
434 670 559 710 aeque
591 673 664 698 em.
690 660 855 698 Goeller.
883 665 921 698 et
943 662 1078 708 Both.;
1119 661 1310 699 Schoell.:
1353 662 1625 711 „elephantum
1656 661 1793 699 Indum

311 727 500 764 domitum
530 728 616 765 fieri
646 725 804 777 atque“.
865 728 921 766 Cf.
945 729 1053 766 Trin.
1082 729 1206 765 1051:
1245 729 1313 776 „fit
1343 727 1582 778 perditum“.
1613 748 1668 753 -—
1701 729 1792 766 317.

315 790 400 833 Sed
427 805 563 833 eccum
593 795 697 833 Cam.
722 815 777 820 -—
811 797 902 833 318.
934 791 1045 833 haud
1073 794 1266 834 conuenit
1294 795 1398 834 Cam.
1432 802 1471 833 et
1501 795 1682 833 Gulielm.
1729 792 1795 833 hic

313 859 412 901 dum
441 863 500 900 ed.
531 876 606 913 pr.‚
639 864 685 900 cf.
718 863 802 900 Mil.
837 864 936 900 987:
973 876 1123 912 „neque
1155 876 1238 902 esse
1269 864 1331 901 hic
1363 865 1492 901 etiam<
1512 861 1644 901 dum“.

426 932 504 968 319
536 944 621 981 sqq.
653 932 816 977 senarii3
856 930 1075 968 diverbium
1116 931 1198 969 cod.
1230 931 1261 969 B
1292 931 1500 979 significat.
1560 931 1793 968 Diniarehus

313 999 526 1036 revertitur
571 1011 672 1047 aegre
717 998 846 1035 ferens
891 997 995 1047 quod
1042 998 1297 1037 Phronesium
1343 999 1514 1037 nondum
1559 1012 1606 1035 ex
1649 998 1793 1035 balneo

310 1066 460 1103 exierit.
536 1065 643 1103 Duos
687 1068 833 1115 primos
878 1079 1015 1103 versus
1054 1065 1167 1103 affert
1206 1067 1328 1105 Varro
1367 1067 1412 1105 L.
1445 1066 1489 1104 L.
1521 1066 1596 1111 IX,
1641 1068 1715 1104 106
1754 1067 1794 1103 in

312 1134 436 1170 altero
466 1146 582 1171 versu
612 1127 754 1171 lauari
783 1133 927 1180 legens,
961 1134 1067 1182 quod
1097 1133 1147 1171 ad
1173 1131 1317 1172 lauant
1340 1148 1416 1172 non
1441 1135 1646 1171 convenire
1672 1134 1792 1171 anim—

309 1200 503 1248 advertit,
547 1205 677 1238 utrum
711 1200 840 1238 Plauti
879 1214 926 1237 an
965 1202 1118 1239 librarii
1156 1202 1338 1239 mendum
1376 1203 1427 1240 sit
1456 1215 1532 1239 non
1564 1201 1792 1239 diiudicans.

308 1268 367 1306 De
405 1270 532 1306 activa
572 1270 697 1307 forma
729 1283 765 1306 v.
799 1268 848 1305 ad
879 1269 1017 1317 Amph.
1052 1271 1145 1307 795.
1187 1289 1241 1294 —
1282 1271 1374 1308 320.
1417 1269 1568 1307 Charis.
1598 1268 1617 1305 1
1647 1281 1684 1318 p.
1720 1269 1791 1306 80:

313 1336 530 1383 „Leontion
569 1341 607 1374 et
637 1336 829 1384 Chrysion
868 1339 907 1372 et
936 1336 1112 1374 Phanion
1151 1350 1198 1373 ex
1235 1339 1386 1375 neutris
1427 1337 1573 1374 Graecis
1610 1336 1793 1374 feminina

312 1405 438 1442 nostri
467 1405 605 1451 fecere,
639 1409 682 1442 ut
712 1404 877 1441 Plautus
908 1404 1012 1453 quod
1043 1405 1144 1441 dixit
1166 1401 1261 1443 haee
1286 1401 1603 1443 Plzronesium“.
1625 1423 1675 1429 -
1701 1405 1793 1442 321.

300 1468 506 1520 proinde.
527 1501 535 1510 .
555 1502 563 1509 .
581 1482 723 1522 quam,
756 1473 802 1509 cf.
821 1470 918 1509 Gell.
938 1471 1005 1517 IX,
1036 1473 1070 1517 3,
1099 1474 1133 1509 5.
1188 1472 1329 1522 Amph.
1357 1474 1457 1510 577:
1495 1471 1684 1521 „proinde
1708 1469 1791 1508 ac“.

308 1540 353 1577 In
392 1542 530 1578 ceteris
562 1540 692 1577 Plauti
729 1541 824 1577 locis
853 1536 944 1586 „ut“
979 1539 1173 1577 scribitur.
1241 1539 1280 1577 Si
1310 1544 1475 1590 propter
1507 1539 1635 1576 balnei
1667 1540 1792 1588 longi-

308 1607 485 1645 tudinem
519 1611 746 1645 amarentur
775 1607 966 1654 mulieres,
999 1611 1193 1645 amatores
1227 1608 1473 1645 balneatores
1505 1607 1589 1644 fieri
1613 1611 1793 1656 oportere

309 1676 415 1722 dicit,
441 1677 507 1725 qui
524 1677 721 1725 patienter
738 1678 977 1724 exspectant,
996 1674 1087 1712 dum
1114 1689 1160 1713 ex
1186 1676 1323 1714 balneo
1341 1679 1484 1713 exeant
1507 1675 1695 1721 lavantes,
1715 1686 1792 1711 non
1838 1684 1842 1689 “

309 1743 518 1781 admodum
552 1744 698 1789 faeete3
725 1744 791 1780 sed
822 1744 887 1780 vix
917 1743 1057 1780 melius
1087 1743 1150 1789 fit,
1184 1745 1215 1780 si
1247 1757 1333 1781 eum
1366 1743 1557 1781 Schoellio
1592 1739 1790 1789 „ametur“

309 1812 469 1849 scribas.
502 1832 557 1836 —-
590 1812 681 1850 323.
706 1820 935 1860 parumper
965 1808 1119 1848 durare
1149 1810 1267 1857 Cam„
1299 1811 1346 1849 ef.
1379 1811 1427 1848 ad
1457 1811 1597 1860 Amph.
1628 1811 1721 1848 875.
1740 1828 1794 1836 -·

311 1880 404 1917 325.
435 1879 483 1917 ut
506 1876 638 1918 lathem
659 1877 778 1925 Cam„
812 1878 858 1916 cf.
877 1878 972 1916 494.
1017 1879 1105 1917 Ter.
1125 1879 1280 1917 Phorm.
1300 1879 1393 1917 204.
1439 1877 1516 1916 Cio.
1536 1877 1585 1915 ad
1602 1878 1684 1915 Att.
1702 1877 1792 1923 XII,

313 1948 378 1994 27,
413 1948 448 1984 2.
476 1966 524 1972 —
554 1947 647 1984 326.
678 1943 696 1983 i
725 1943 836 1984 ‘miro
867 1946 995 1993 Cam.;
1031 1951 1097 1993 „tu
1129 1948 1141 1983 i
1171 1944 1299 1985 intro“
1329 1946 1507 1984 Mueller.
1539 1965 1592 1970 -
1626 1946 1716 1983 327.
1750 1945 1794 1983 ut

308 2015 516 2064 Kiessling.
542 2035 596 2054 -,
624 2027 767 2061 „suaue
790 2013 891 2051 iam“
920 2014 1013 2064 quid
1035 2014 1165 2060 fuerit,
1198 2027 1274 2052 non
1297 2014 1442 2053 divino.
1495 2013 1600 2051 Cam.
1622 2010 1787 2059 ,‚suade“

310 2085 420 2130 coni.‚
455 2083 622 2120 Schoell.
651 2080 799 2129 „naue“
827 2082 916 2120 coll.
942 2081 1046 2120 Fest.
1071 2096 1107 2132 p.
1139 2083 1236 2120 169:
1273 2081 1460 2129 „Plautus
1485 2083 1524 2118 in
1546 2080 1790 2118 Friuolaria:

309 2150 418 2187 Naue
450 2163 566 2198 agere
599 2153 771 2200 oportet,
803 2149 908 2200 quod
942 2163 1044 2199 agas,
1078 2164 1154 2188 non
1186 2147 1425 2187 ductarier“.
1457 2168 1504 2174 -
1541 2149 1632 2186 328.
1665 2144 1792 2190 Licet.

308 2231 344 2255 v.
378 2217 477 2255 Rud.
515 2219 633 2256 1203.
701 2217 776 2255 Sed
809 2217 952 2255 ancilla
982 2220 1158 2267 quamvis
1188 2231 1228 2255 se
1258 2218 1400 2255 ituram
1440 2217 1621 2261 dixisset,
1665 2220 1794 2253 tamen

308 2289 505 2332 moratur,
547 2299 668 2335 quare
708 2286 915 2336 impatiens
953 2285 1188 2323 Diniarchus
1218 2282 1362 2323 Audin
1395 2280 1548 2323 etiam?
1585 2285 1609 2320 i.
1643 2296 1675 2321 e.
1707 2283 1794 2321 Nou

309 2351 449 2390 audis?
482 2366 516 2389 v.
550 2354 598 2390 ad
628 2354 737 2391 Asin.
772 2355 863 2391 707.
932 2353 1006 2390 Illa
1043 2367 1136 2391 vero
1178 2353 1339 2391 ludibrii
1377 2366 1491 2390 causa
1522 2354 1634 2402 quasi
1667 2351 1794 2399 „Audi

309 2417 451 2457 etiam“
487 2421 548 2458 vel
584 2420 711 2467 „Audi
741 2418 886 2471 porro“
920 2421 1100 2468 dixisset,
1143 2421 1191 2458 ad
1230 2435 1317 2458 eum
1357 2421 1580 2458 revertitur.
1613 2439 1666 2445 -—
1702 2420 1793 2456 329.

309 2483 361 2526 Si
390 2487 528 2532 Both,
570 2488 617 2524 cf.
649 2487 757 2524 Trin.
790 2490 883 2526 992.
941 2489 1029 2526 Aul.
1063 2489 1155 2526 637.
1212 2489 1295 2526 Mil.
1330 2489 1423 2526 832.
1459 2506 1506 2512 -
1550 2489 1641 2526 330.
1685 2482 1796 2535 Quid

309 2553 390 2593 iam
406 2551 660 2593 reuocabas?
702 2554 860 2593 Nonne:
898 2556 1024 2602 „Quid
1040 2560 1124 2594 tum
1141 2555 1214 2593 r‘?“
1249 2556 1496 2594 scribendum
1513 2559 1600 2593 aut:
1638 2550 1792 2601 „‚Quid?

308 2636 385 2659 non
427 2620 694 2660 reuocabas?“
746 2642 794 2647 -
846 2624 936 2661 331.
983 2623 1108 2674 Gepp.
1149 2624 1232 2662 ed.:
1285 2623 1413 2670 „Quae
1459 2623 1530 2660 tibi
1576 2635 1652 2660 uox
1691 2621 1793 2659 mille

308 2701 495 2740 passuum
535 2691 691 2740 peperit
727 2688 919 2736 moram“‚
961 2691 1006 2728 cf.
1040 2691 1146 2728 Men.
1182 2692 1278 2728 177:
1320 2676 1463 2738 ,Mille
1503 2703 1658 2740 passum
1691 2701 1793 2727 com-

312 2764 490 2796 moratus
521 2753 790 2805 eantha1·um“.
852 2757 959 2795 Sch.:
1006 2757 1118 2805 „Tibi
1149 2759 1254 2796 mille
1283 2771 1439 2808 passum
1470 2758 1658 2808 peperisti
1690 2767 1794 2793 more
