2009 3218
371 204 450 242 546
474 231 478 234 ,
1033 195 1192 231 Stichus.

368 327 514 366 cibaria
544 327 629 364 dari
666 329 807 374 censet,
846 329 891 363 ut
926 324 1018 362 filiae
1057 325 1187 362 dotem
1229 324 1402 363 dederat.
1470 333 1552 372 pro
1592 323 1674 361 filia
1719 323 1850 361 dotem

366 397 461 433 dare
493 397 560 431 aut
591 394 764 444 accipere
795 394 889 430 alibi
920 407 997 430 non
1027 394 1190 443 legitur,
1238 393 1305 430 sed
1344 392 1550 430 dubitandi
1588 403 1742 427 causam
1773 404 1851 429 nou

366 464 502 510 video,
543 475 662 511 quum
700 462 931 510 plerumque
967 461 1039 498 hac
1077 461 1162 498 sola
1200 461 1427 498 condicione
1466 459 1608 509 puellae
1639 458 1849 507 nuberent3
1918 458 1921 461 '

367 531 415 569 ab
446 529 686 579 Antiphonis
727 528 884 578 quidem
922 529 1118 566 sententia
1158 528 1237 565 haec
1279 527 1433 564 dicendi
1465 527 1567 564 ratio
1601 527 1756 563 minime
1787 526 1851 564 ab·

366 599 516 636 horret.
557 617 612 622 —
651 598 743 634 563.
785 597 928 644 Immo,
972 597 1100 646 inquit
1131 595 1448 644 PamphilippuS,
1488 607 1566 631 non
1597 595 1755 644 iniquus
1785 594 1853 631 sed

367 665 531 704 callidus
569 665 645 702 fuit
683 664 918 702 adolescens.
960 683 1014 689 —-
1060 665 1151 702 565.
1197 658 1414 710 indipisci,
1462 676 1497 699 v.
1538 661 1587 698 ad
1618 662 1725 699 Asin.
1761 663 1851 700 277.

369 754 422 759 —-
455 735 547 771 566.
580 732 772 779 Quoniam
803 732 950 770 cibaria
982 733 1134 781 assequi
1166 745 1243 769 non
1275 732 1418 780 potest,
1452 731 1568 766 etiam
1593 730 1676 766 sine
1701 729 1854 768 cibariis

368 802 566 839 tibicinam
597 802 773 850 accipere
811 800 908 837 vult.
940 819 996 824 -—
1028 800 1120 837 568.
1166 794 1341 836 Habeon
1376 807 1464 835 rem
1493 792 1694 845 pactam?
1731 798 1854 844 Acid„

369 869 522 919 vulgari
540 868 758 919 stipulandi
775 867 953 905 formula.
976 886 1025 892 -
1054 868 1145 904 570.
1179 862 1305 904 Poste
1328 860 1392 903 ibo
1417 861 1576 903 lautum
1595 865 1782 902 Fleckeis.
1802 885 1856 891 —

370 933 415 974 i‘n
436 932 611 986 pydum
641 935 796 983 Lamb.;
828 936 955 977 πύελος
986 938 1046 972 est
1075 930 1219 972 solium
1250 933 1394 971 balnei.
1429 952 1477 958 -—
1520 934 1612 971 571.
1645 929 1856 971 adcubans
1926 948 1936 956 =·
1995 924 2003 931 ⁹

371 1004 548 1053 Pylades.

488 1073 578 1110 572.
618 1067 884 1120 Graphicum,
917 1084 953 1108 v,
988 1071 1034 1108 ad
1061 1070 1176 1121 Epid.
1203 1070 1297 1107 410.
1330 1090 1385 1094 -
1415 1064 1541 1116 fabre,
1575 1068 1731 1116 affabre,
1765 1069 1856 1106 arti-

371 1140 513 1186 ficiose,
557 1139 603 1177 cf.
636 1139 720 1176 Cas.
754 1140 848 1177 802.
901 1139 1002 1176 Men.
1041 1139 1131 1176 134.
1184 1137 1303 1174 Poen.
1339 1138 1430 1174 576.
1507 1137 1622 1182 Quod
1661 1136 1858 1173 antecedit

375 1205 542 1257 „quam“
578 1207 723 1244 delevit
753 1206 823 1253 R.;
856 1210 990 1244 tuetur
1020 1207 1127 1243 Brix.
1162 1205 1261 1242 Ann.
1294 1205 1389 1254 phil.
1422 1204 1470 1242 CI
1502 1218 1538 1254 p.
1574 1205 1653 1241 778
1686 1217 1767 1254 sq.,
1809 1203 1855 1242 cf.

374 1276 422 1313 ad
460 1276 566 1313 Asin.
610 1275 701 1312 574.
768 1274 851 1311 Mil.
893 1275 986 1311 402.
1062 1273 1137 1326 Sed
1182 1276 1446 1323 praeterquam
1488 1271 1593 1321 quod
1633 1271 1858 1309 anacoluthi

374 1344 542 1381 ambitus
572 1343 610 1380 h.
636 1343 660 1380 l.
686 1343 894 1380 admodum
926 1342 1054 1379 brevis
1086 1345 1155 1387 est,
1189 1342 1221 1377 si
1256 1339 1421 1390 „quam“
1457 1341 1664 1387 retinet-ur,
1697 1343 1858 1389 quartus

374 1424 509 1449 versus
539 1424 608 1460 pes
640 1410 817 1459 dactylus
849 1411 934 1447 erit.
964 1429 1009 1434 —
1042 1411 1134 1447 573.
1167 1405 1312 1446 Etiam
1334 1408 1451 1445 Both.
1477 1427 1532 1432 —
1553 1418 1597 1446 se
1627 1407 1716 1444 add.
1735 1407 1857 1455 Acid„
1903 1405 1908 1408 ⁵

374 1479 420 1516 cf.
440 1479 550 1529 Capt.
570 1480 670 1517 435:
709 1482 853 1527 „tuque
877 1482 916 1515 te
941 1492 1013 1528 pro
1036 1478 1163 1514 libero
1188 1490 1270 1514 esse
1303 1474 1462 1513 ducas“.
1523 1476 1568 1513 R.
1594 1489 1679 1513 cum
1705 1476 1856 1514 Dousa:
1926 1523 1928 1526 Υ
1982 1474 2005 1502 -”

378 1560 485 1596 „sese
516 1545 671 1595 ducit“;
713 1547 781 1585 sed
812 1546 943 1583 Latini
975 1545 1046 1582 hac
1076 1545 1361 1594 significatione
1392 1557 1432 1581 se
1462 1557 1597 1594 gerere
1629 1544 1780 1591 dicunt3
1819 1556 1859 1581 se

376 1615 516 1653 ducere
549 1620 608 1652 est
638 1629 677 1653 se
716 1615 909 1661 conferre,
957 1628 991 1651 v.
1024 1613 1165 1663 Amph.
1202 1614 1322 1651 1058.
1363 1631 1412 1637 --
1458 1613 1549 1650 574.
1590 1610 1769 1649 occentet
1796 1611 1859 1648 Pi-

375 1686 492 1721 storis
523 1698 614 1731 em.,
659 1696 711 1720 sc.
742 1687 787 1719 ut
816 1695 991 1719 somnum
1023 1682 1165 1731 capiat.
1206 1701 1259 1705 —
1302 1683 1395 1718 575.
1441 1689 1545 1729 opus
1576 1677 1634 1717 sit
1663 1679 1768 1716 Cam.
1810 1697 1856 1704 -—

379 1754 471 1789 577.
518 1749 630 1789 haud
668 1748 906 1800 perdudum
943 1751 1026 1787 cod.
1060 1749 1113 1795 D,
1159 1751 1191 1786 si
1232 1750 1476 1795 coniectura,
1523 1748 1682 1797 optima.
1757 1745 1785 1784 C
1816 1759 1862 1784 ex

376 1821 557 1870 proximo
597 1833 731 1857 versu:
781 1818 854 1866 „ad
892 1815 1074 1863 cenam“;
1121 1817 1150 1854 B
1189 1817 1288 1854 duos
1326 1815 1508 1853 dimidios
1545 1828 1681 1852 versus
1719 1815 1858 1851 omisit.

381 1909 427 1914 ψ-
465 1889 556 1926 578.
589 1888 690 1924 Ante
721 1884 927 1924 hominem
957 1885 1099 1932 hiatus,
1133 1899 1169 1921 v.
1201 1884 1355 1933 Proleg.
1387 1898 1425 1933 p.
1453 1885 1546 1921 221.
1579 1903 1634 1908 —-
1663 1880 1732 1921 Ne
1761 1878 1862 1932 quid

377 1953 605 1994 adueniens
649 1952 879 2004 perderem,
929 1967 1015 1990 nam
1062 1956 1231 2002 pereunt
1270 1964 1355 2001 quae
1395 1952 1572 2000 parasito
1611 1951 1766 1988 dantur.
1808 1968 1860 1975 -—

379 2025 471 2062 579.
517 2020 674 2073 Atque,
716 2036 752 2060 v,
792 2022 840 2059 ad
881 2023 945 2059 98.
993 2041 1048 2046 ——
1093 2018 1235 2069 lupum
1271 2017 1318 2058 in
1355 2029 1563 2065 sermone,
1610 2018 1860 2069 proverbium

378 2106 424 2129 ex
455 2091 586 2128 sabula
617 2091 788 2137 ductum,
821 2103 897 2139 quo
928 2090 1087 2135 utimur,
1121 2093 1164 2125 ut
1195 2089 1250 2125 ait
1282 2088 1439 2126 Servius
1471 2087 1520 2124 ad
1551 2087 1666 2136 Verg.
1699 2087 1791 2124 Buc.
1824 2086 1859 2132 9,

378 2161 443 2206 44,
477 2160 659 2209 quotiens
690 2159 916 2207 supervenit
947 2157 1023 2204 ille,
1057 2156 1103 2194 de
1136 2169 1211 2206 quo
1243 2156 1440 2205 loquimur
1472 2159 1511 2192 et
1534 2155 1646 2192 nobis
1669 2167 1739 2191 sua
1764 2165 1862 2203 prae-

377 2230 503 2266 sentia
534 2230 711 2277 amputat
740 2226 971 2263 facultatem
1001 2224 1201 2274 loquendi.
1263 2224 1319 2261 Cf.
1353 2225 1441 2262 Ter.
1475 2223 1547 2260 Ad.
1584 2223 1682 2261 537:
1719 2219 1861 2270 „Quid-

379 2309 465 2334 nam
499 2295 583 2332 est?
638 2295 710 2333 SY.
743 2295 878 2344 Lupus
910 2295 947 2330 in
980 2293 1123 2330 fabula.
1178 2292 1252 2329 CT.
1293 2292 1409 2329 Pater
1440 2290 1526 2328 est?
1579 2290 1651 2328 SY.
1689 2284 1878 2340 Ipsust“.,

381 2364 456 2402 Cic.
490 2364 537 2401 ad
570 2364 686 2400 Attio.
718 2362 827 2409 XIII,
862 2363 932 2409 33,
966 2363 1011 2398 4:
1049 2361 1129 2408 „De
1163 2360 1337 2398 Varrone
1367 2359 1645 2408 loquebamur:
1678 2358 1794 2407 lupus
1822 2357 1862 2393 in

379 2432 533 2478 fabula,
579 2432 685 2468 venit
716 2433 818 2468 enim
848 2430 897 2467 ad
928 2427 1028 2466 me“.
1069 2448 1123 2454 —
1164 2430 1254 2465 580.
1298 2428 1538 2478 Epignomus
1580 2439 1620 2463 se
1660 2429 1698 2462 et
1735 2426 1861 2474 ipsum

379 2501 450 2537 hoc
480 2500 663 2537 statuisse
695 2499 788 2535 dicit
818 2501 856 2535 et
888 2497 1038 2535 consilii
1071 2498 1304 2534 meminisse.
1364 2504 1581 2532 memorem
1611 2503 1772 2539 mones,
1814 2490 1860 2529 cf.

381 2567 492 2618 Capt..
530 2568 619 2605 191.

496 2636 586 2672 581.
641 2634 838 2671 Sermonis
876 2633 1076 2670 barbaries
1107 2634 1350 2679 removetur,
1391 2633 1423 2667 si
1462 2633 1529 2667 aut
1568 2642 1653 2665 cum
1686 2626 1861 2665 Acidalio

386 2704 465 2750 „ita
501 2701 569 2739 ut“
613 2697 674 2750 (cf.
717 2702 832 2739 Poen.
880 2699 977 2749 470)
1022 2700 1168 2737 scribas
1214 2704 1281 2737 aut
1325 2712 1409 2736 cum
1455 2698 1596 2735 Bothio
1644 2693 1690 2733 id
1741 2689 1860 2744 quod.

382 2770 493 2815 Quod
525 2774 653 2807 autem
686 2770 735 2816 is,
769 2769 835 2818 qui
868 2770 1064 2818 loquitur,
1098 2781 1137 2805 se
1169 2767 1216 2804 ad
1247 2767 1502 2816 principium,
1535 2764 1637 2803 unde
1669 2764 1861 2813 digressus
