2009 3218
227 183 307 219 (360
843 179 1100 214 Truculentus.

226 307 429 344 machaera
467 308 528 345 uis
566 310 605 342 et
644 307 750 344 hunc
779 320 856 344 una
888 306 1023 344 mori“.
1096 306 1225 346 emori
1255 308 1364 346 Acid.
1399 328 1446 334 —
1483 310 1576 347 918.
1613 305 1710 346 Phi-

224 371 399 423 lippiari
429 373 662 424 Spengelius
694 387 794 412 nove
825 375 892 412 ille
923 376 1100 425 quidem,
1139 376 1208 413 sed
1239 390 1315 415 non
1347 377 1558 414 infeliciter
1588 375 1712 415 finxit.

229 442 339 489 „Non
370 441 593 487 machaera,
632 443 780 491 inquit,
819 443 891 479 tibi
922 456 1021 493 opus
1052 447 1128 490 est,
1167 444 1235 481 sed
1267 442 1500 495 Philippis“.
1562 445 1711 482 Camer.

225 513 395 559 φλυαρεῖν
426 510 601 557 coniecit,
635 509 824 548 Mueller:
861 510 994 557 „Nihil
1026 509 1206 558 minari“,
1239 512 1485 551 Buecheler.:
1522 513 1611 561 „Nil
1635 514 1713 550 ala-

225 576 352 628 pari“.
371 597 425 603 —
449 579 547 616 919.
579 574 695 616 haud
722 573 838 625 ferro
870 579 1007 629 ed.pr.
1052 579 1177 627 potes
1208 580 1261 616 id.
1318 588 1381 616 me
1405 580 1493 618 add.
1513 580 1618 618 Cam.
1664 591 1716 619 ‘ne

225 656 358 685 amem
387 645 500 684 Acid.
555 642 662 685 hunc
691 646 781 684 add.
801 647 924 696 Bugg.
945 667 997 672 —
1023 648 1117 685 920.
1149 646 1284 695 faceta
1314 657 1358 685 es
1388 657 1494 697 quae
1520 648 1611 686 Pius
1642 663 1713 687 em.

225 711 431 752 hominem
460 713 521 752 ed.
538 727 598 764 pr.
629 733 685 740 —
709 711 784 753 isti
813 711 946 762 modi3
978 715 1072 753 alibi
1104 728 1259 765 semper
1293 716 1432 762 „istius
1463 714 1595 754 modi“
1624 719 1716 755 scri-

221 784 352 830 bitur,
399 796 433 820 v.
466 782 608 820 Luchs.
640 781 975 831 Genetivbildung
1004 785 1043 821 in
1075 783 1248 821 Studem.
1282 782 1391 821 Stud.
1424 783 1461 820 II
1493 798 1531 834 p.
1566 786 1630 822 55.
1664 805 1716 810 --

220 838 320 889 ²921.
353 847 399 888 in
429 859 569 896 cauea,
601 850 641 887 in
672 850 841 900 theatro,
873 852 920 889 cf.
946 851 1024 889 cic.
1043 851 1138 899 Leg.
1156 852 1205 898 11,
1237 853 1299 898 15,
1328 853 1400 890 38:
1438 852 1544 899 „ludi
1570 852 1716 902 publici

225 923 317 958 sunt
375 931 493 957 cavea
544 919 725 970 circoque
777 917 947 966 divisi“;
1018 933 1252 970 quamquam
1312 923 1494 958 accurate
1547 922 1718 970 exigenti

225 990 363 1027 histrio
401 987 483 1025 haec
518 1000 597 1025 non
634 989 676 1026 in
716 1002 836 1026 cavea
866 990 985 1037 dixit,
1029 989 1098 1027 sed
1128 990 1168 1026 in
1199 990 1423 1038 proscenio,
1470 1002 1506 1025 v.
1543 990 1605 1027 10.
1651 1007 1705 1016 -—

227 1054 340 1097 dimit
368 1057 428 1094 ed.
446 1069 506 1106 pr.
531 1074 586 1080 -—
612 1057 706 1095 922.
736 1057 797 1095 Ex
821 1072 899 1107 qua
928 1057 1061 1096 fabula
1090 1057 1172 1094 haec
1201 1058 1327 1106 petita
1357 1057 1446 1102 sint,
1478 1058 1718 1107 ignoramus·

225 1126 370 1165 Similis
401 1124 596 1163 sententia
635 1138 756 1175 supra
788 1127 890 1164 413:
942 1127 1027 1173 „Ad
1065 1139 1177 1164 suum
1223 1138 1417 1174 quemque
1454 1139 1617 1176 aequom
1660 1133 1720 1166 est

227 1209 312 1232 esse
344 1196 549 1244 quaestum
580 1191 806 1241 callidum“,
847 1194 950 1231 unde
981 1194 1094 1231 Valla
1125 1193 1321 1231 intellexit
1352 1193 1413 1230 hic
1443 1190 1596 1233 callent
1625 1198 1719 1234 scri-

225 1262 396 1300 bendum
428 1273 533 1308 esse3
573 1264 657 1298 tum
687 1261 802 1299 Both.
840 1275 936 1308 „nec
966 1259 1215 1299 fastidiunt“.
1291 1261 1366 1299 Sed
1397 1275 1445 1299 ne
1476 1264 1530 1300 sic
1562 1264 1719 1313 quidem

226 1332 451 1369 restituitur
482 1330 695 1376 sententia,
737 1343 824 1367 nam
867 1343 1001 1368 omnes
1040 1329 1215 1367 homines
1255 1330 1302 1367 ad
1335 1334 1527 1380 quaestum
1559 1333 1720 1371 callidos

226 1413 310 1437 esse
341 1399 505 1436 Plautus
535 1410 615 1435 non
654 1397 775 1446 dixit,
820 1399 889 1436 sed
929 1411 1014 1444 eos,
1063 1399 1130 1448 qui
1172 1399 1341 1448 quaestui
1380 1403 1483 1436 recte
1521 1401 1719 1449 studeant,

228 1482 342 1506 omne
374 1465 577 1504 fastidium
609 1465 780 1503 abiicere
813 1467 966 1513 debere,
998 1480 1076 1516 quo
1107 1466 1223 1504 modo
1253 1466 1382 1504 locum
1414 1470 1578 1505 correxi.
1632 1469 1719 1508 Sch.

228 1550 276 1573 ex
306 1536 425 1585 Prop.
451 1532 591 1582 IV(V)‚
624 1535 660 1582 3,
688 1536 739 1573 62
784 1535 960 1582 „calent“
990 1535 1146 1573 defendi
1170 1548 1284 1585 posse
1308 1548 1468 1573 censens
1495 1537 1716 1585 „calefiunt‚

227 1601 460 1642 fastidiunt“
510 1603 689 1653 scripsit,
736 1605 840 1653 quod
886 1617 962 1641 non
1007 1604 1200 1653 intelligo.
1246 1623 1301 1628 —
1347 1605 1441 1642 923.
1486 1602 1717 1654 amplexari

227 1673 408 1710 Saracen.
442 1691 491 1697 —
525 1681 572 1711 ac
602 1671 685 1710 tam
715 1682 778 1721 sq.
812 1672 878 1724 Sp.
912 1692 960 1698 —
1004 1674 1083 1710 924
1117 1686 1189 1710 em.
1224 1672 1366 1722 Speng.
1427 1671 1540 1722 Seyff.
1574 1673 1714 1713 Philol.

225 1741 374 1779 XXVII
411 1755 450 1791 p.
485 1740 564 1777 473
605 1740 761 1779 maluit:
812 1741 1078 1791 „Quamquam
1123 1740 1187 1778 hic
1231 1741 1432 1790 squelust,
1480 1755 1716 1792 quamquam

225 1810 289 1847 hic
326 1809 676 1857 horridiusculust,
720 1809 867 1848 bellust
904 1806 1023 1848 mihi“
1066 1810 1153 1848 coll.
1193 1809 1292 1847 Eun.
1325 1823 1387 1860 ap.
1420 1809 1518 1847 Non.
1550 1823 1587 1860 p.
1624 1812 1715 1849 172.

226 1877 283 1915 De
307 1877 517 1928 anaphorae
540 1876 667 1926 figura
692 1891 728 1916 v.
753 1878 803 1915 ad
828 1877 947 1916 Stich.
967 1879 1060 1916 739.
1121 1875 1266 1925 scitus,
1293 1877 1340 1916 cf.
1360 1877 1478 1915 Mero.
1507 1878 1600 1915 744.
1623 1879 1715 1917 746.

228 1966 279 1971 ——
300 1947 392 1984 925.
422 1941 570 1984 Dedin
586 1945 689 1984 Cam.
737 1942 879 1984 Mihin
896 1946 1029 1984 Muell.
1088 1942 1256 1985 Dedisti
1279 1941 1310 1992 f.
1328 1942 1489 1984 cibaria
1508 1947 1567 1984 ed.
1586 1959 1646 1996 pr.
1663 1966 1717 1972 —

227 2016 306 2052 926
339 2014 524 2064 Astaphii
556 2027 641 2052 esse
671 2014 772 2052 vidit
802 2014 888 2052 Sch.
915 2034 970 2040 —-
1005 2016 1086 2052 927
1113 2014 1280 2052 Strabax
1312 2014 1403 2052 mihi
1437 2014 1552 2051 militi
1587 2014 1716 2052 dicere

224 2082 393 2121 videtur.
455 2079 508 2120 In
538 2082 628 2120 add.
660 2083 771 2120 Acid.
837 2082 1025 2131 „magna“
1063 2083 1342 2134 dittographiae
1373 2083 1556 2129 debetur,
1597 2096 1716 2133 quare

225 2164 303 2188 non
331 2150 581 2188 scribendum
609 2150 678 2198 „In
701 2164 752 2189 m.
780 2165 862 2189 rem
887 2154 921 2190 is
952 2151 1170 2202 magnam“,
1202 2151 1269 2189 sed
1302 2147 1355 2189 In
1383 2161 1435 2188 m.
1463 2161 1551 2189 rem
1572 2149 1599 2200 i,
1631 2148 1716 2190 sed.

225 2238 279 2244 —
310 2229 459 2269 mayno
490 2229 616 2268 opera
645 2229 782 2266 serua,
814 2220 860 2258 cf.
880 2221 964 2258 Att.
983 2235 1018 2257 v.
1040 2221 1141 2258 508:
1178 2220 1282 2268 „Uos
1313 2221 1366 2258 ite
1393 2223 1568 2257 actutum
1598 2225 1718 2270 atque

225 2300 348 2338 opero
366 2299 507 2335 magno
525 2287 667 2325 edicite
686 2285 785 2326 cet.“
834 2285 1034 2327 uiaticum
1052 2289 1112 2326 ed.
1131 2302 1191 2338 pr.
1210 2307 1264 2313 —-
1290 2290 1383 2326 928.
1411 2283 1529 2326 debes
1546 2288 1715 2327 Goeller.

224 2356 382 2394 noctem
412 2355 516 2394 Cam.
555 2376 610 2382 —
650 2358 744 2395 929.
786 2357 963 2394 Priorem
1002 2371 1138 2396 versus
1178 2361 1331 2407 partem
1363 2356 1574 2395 Phronesio
1606 2356 1716 2404 dedi3

223 2425 342 2474 vulgo
372 2428 481 2463 totus
511 2425 626 2462 militi
665 2425 793 2463 datur.
868 2425 1028 2476 Aliquid
1069 2426 1203 2463 deesse
1243 2428 1416 2475 apparet.
1493 2422 1618 2464 etima
1655 2436 1718 2464 me

225 2493 381 2540 addidi3
428 2492 537 2531 Seh.:
583 2506 739 2539 „uerum
773 2506 875 2531 nunc
915 2494 1073 2541 saltem,
1113 2494 1215 2532 huuc
1245 2493 1388 2531 saltum
1419 2495 1450 2531 si
1483 2491 1630 2532 amas“.
1663 2513 1717 2518 —

226 2564 320 2601 930.
357 2559 465 2609 „Da“
500 2562 561 2600 ed.
593 2575 653 2611 pr.
715 2558 881 2600 deliciis
913 2562 964 2600 id.
1028 2558 1108 2600 crit
1138 2562 1294 2610 addidi;
1339 2561 1463 2612 Gepp.
1499 2561 1621 2608 „est⁸‘.
1662 2581 1717 2587 —

226 2633 319 2669 931.
370 2627 483 2679 Quid
518 2627 562 2668 id
599 2626 745 2669 amabo
784 2631 846 2668 est
885 2627 996 2680 quod
1033 2627 1125 2668 dem
1155 2630 1371 2668 Palmerius
1402 2643 1473 2667 em.
1551 2630 1717 2680 Reliqua

225 2699 435 2749 desperata
481 2702 524 2737 ut
568 2700 685 2736 etiam
727 2699 931 2747 proximus
976 2712 1130 2746 versus3
1179 2696 1255 2746 dic,
1303 2698 1408 2748 quod
1460 2698 1577 2747 vulgo
1631 2711 1715 2736 cum

224 2767 430 2805 Plu-onesii
461 2767 592 2806 verbis
623 2768 811 2815 iungunt,
851 2769 985 2816 potius
1026 2768 1076 2805 ad
1107 2767 1311 2817 sequentia
1341 2768 1534 2816 pertinet,
1575 2766 1716 2816 quibus
