2009 3218
745 182 786 217 v.
814 184 1004 217 ssi-414.
1541 185 1620 224 539

132 311 178 350 R.
221 307 517 360 „Pamphilum“
560 323 607 347 ex
646 309 681 346 A
720 310 1051 360 amplectebatur,
1099 313 1279 360 quamvis
1317 324 1363 348 ex
1402 311 1489 347 aliis
1526 310 1622 347 locis

133 378 400 428 Pamphilippi
430 391 571 415 nomen
595 381 745 415 certum
771 379 833 423 sit,
865 391 901 415 v.
920 391 1038 428 supra
1058 392 1096 428 p.
1118 380 1211 416 524.
1271 379 1410 428 Itaque
1433 377 1621 416 Goetzius

134 459 217 485 cum
248 447 390 483 ceteris
421 444 555 483 codd:
598 444 968 496 „PamphilippumP
1014 446 1101 483 Non
1128 445 1288 484 adest?“
1324 446 1512 495 neglectis
1536 459 1623 497 spa-

132 514 196 552 tiis
211 525 466 563 personarum
490 517 604 551 notas
627 513 906 550 indicantibus.
956 513 1114 551 Rectius
1139 514 1254 552 credo
1273 514 1414 564 Bergk.
1433 514 1622 552 Zeitschr.

131 581 156 619 f.
180 581 259 619 Alt.
288 582 393 619 1850
422 595 460 632 p.
488 581 588 618 334:
630 578 792 619 sororis
825 576 1083 629 Pamphilae.
1155 582 1266 628 Quod
1295 581 1498 619 Pinacium
1529 583 1622 620 sim-

131 649 285 702 pliciter
322 645 424 687 Non
468 648 682 699 respondet
728 662 800 699 pro
841 648 953 695 „Non
992 647 1116 695 uidi“,
1165 649 1211 685 cf.
1253 649 1339 687 Cas.
1381 651 1473 687 382.
1534 650 1621 687 Ter.

132 716 271 755 Heaut.
300 717 392 754 894.
440 716 517 754 Cic.
546 716 656 754 verr.
683 716 734 763 ΙΙ,
767 717 833 765 43,
871 718 961 754 106.
1009 716 1169 762 Quintil.
1194 716 1261 763 XI,
1292 719 1324 765 1,
1360 720 1423 755 50.
1456 737 1510 743 —
1543 716 1621 755 395

132 797 179 822 ex
208 786 254 831 A,
287 786 361 822 nisi
395 784 501 835 quod
532 786 587 823 ibi
619 783 1038 823 SIMITUMEEIBAT
1068 785 1266 831 legerunt,
1306 787 1464 823 incertis
1494 790 1624 823 tamen

131 852 264 891 ΕΕΙΒ.
325 849 489 899 simitu,
537 854 584 890 cf.
619 854 712 891 251.
781 852 933 890 Goetz.:
986 853 1063 899 „mi
1103 852 1237 889 aibant
1275 852 1380 899 illi“;
1427 867 1498 903 ego
1538 867 1624 890 cum

131 920 344 971 Geppertio
376 921 486 959 Stud.
519 921 555 958 II
586 934 624 970 p.
658 923 709 959 43
743 922 890 958 retinui
927 915 1038 958 aibat
1073 916 1161 966 ille,
1201 920 1458 970 Epignomus.
1518 921 1624 959 Non-

129 988 218 1026 dum
251 989 401 1035 aderat,
436 989 504 1026 sed
536 995 668 1026 tamen
701 989 815 1026 simul
846 990 997 1027 venisse
1030 989 1107 1026 dici
1137 992 1309 1038 poterat,
1343 990 1410 1038 qui
1440 989 1625 1039 perbrevi

129 1057 337 1095 intervallo
370 1062 574 1095 secuturus
607 1061 703 1103 erat,
743 1070 778 1094 v.
813 1058 892 1094 417
926 1070 982 1106 sq.
1016 1076 1069 1082 —
1102 1055 1226 1103 citus,
1275 1058 1320 1094 cf.
1353 1056 1449 1094 Hor.
1483 1057 1561 1094 Sat.
1594 1058 1623 1104 I,

134 1126 194 1172 10,
229 1126 292 1163 92.
340 1125 458 1175 Prop.
484 1126 553 1173 ΙΙΙ,
580 1127 644 1172 23,
673 1126 736 1163 23.
755 1145 810 1150 —
830 1127 922 1163 397.
956 1122 983 1163 1
1007 1123 1118 1162 intro
1149 1120 1375 1164 Pinacium
1398 1126 1443 1163 A.
1462 1121 1626 1163 ——iube

44 1239 48 1243 ,
129 1187 311 1240 famulos
342 1192 554 1243 adparent,
587 1194 633 1231 cf.
666 1193 771 1230 Men.
798 1194 898 1230 936:
950 1193 1034 1240 „Tu
1065 1206 1199 1231 seruos
1229 1194 1320 1231 iube
1350 1195 1453 1232 hunc
1485 1193 1533 1231 ad
1563 1208 1625 1232 me

129 1259 297 1308 ferant“‚
331 1262 377 1300 cf.
412 1263 460 1299 ad
493 1262 632 1299 Bacch.
668 1263 761 1299 990.
808 1262 925 1299 Most.
961 1263 1054 1299 912.
1096 1280 1145 1286 —
1190 1263 1281 1300 398.
1322 1259 1625 1309 administrem,

130 1330 180 1368 ad
209 1343 290 1367 rem
322 1331 506 1376 divinam,
538 1334 583 1368 ut
613 1329 728 1380 Epid.
763 1331 856 1367 418.
884 1350 940 1355 —
974 1331 1067 1367 399.
1097 1329 1350 1379 prouenisti,
1382 1345 1418 1369 v.
1444 1331 1493 1368 ad
1519 1331 1623 1369 Men.

131 1399 223 1436 945.
289 1393 477 1445 ,‚futtile“
513 1399 569 1435 ait
599 1397 751 1435 Nonius
781 1412 819 1448 p.
856 1400 936 1436 514
973 1398 1198 1446 „futtiliten
1255 1398 1408 1436 Ennius
1437 1398 1623 1436 Foenice:

41 1514 48 1518 -
128 1465 182 1505 Ut
212 1468 318 1516 quod
349 1467 494 1504 sactum
526 1471 585 1504 est
615 1467 758 1513 futtile,
792 1467 917 1512 amici,
949 1480 1022 1504 uos
1053 1467 1190 1503 ferat-is
1223 1464 1417 1504 fortiter“.
1443 1487 1498 1492 —-
1529 1468 1624 1505 400.

129 1530 212 1581 ille,
245 1535 554 1586 Pamphilippus.
591 1555 639 1561 —
673 1536 768 1572 401.
801 1531 948 1581 libros,
985 1534 1029 1572 cf.
1065 1536 1159 1572 456.
1221 1535 1329 1573 Pers.
1367 1536 1458 1573 391.
1494 1554 1542 1560 --
1577 1532 1626 1573 de

131 1599 254 1641 dietis
284 1599 540 1650 melioribus,
574 1604 620 1640 cf.
653 1603 764 1653 Capt.
800 1604 894 1640 481.

243 1809 336 1846 403.
386 1808 629 1857 Epignomus
668 1809 709 1845 in
746 1810 916 1859 patriam
955 1808 1079 1845 redux
1118 1806 1302 1856 Neptuno
1341 1812 1379 1844 et
1411 1811 1624 1856 tempesta-

129 1876 233 1914 tibus
265 1878 413 1924 gratias
444 1878 546 1924 agit,
594 1876 701 1926 quod
736 1890 779 1927 se
820 1877 970 1914 salvum
1003 1875 1236 1913 reduxerint
1289 1875 1352 1922 (cf.
1385 1875 1494 1925 Capt.
1530 1877 1622 1914 917.

130 1944 248 1982 Most.
275 1945 370 1982 422.
412 1944 495 1982 Mil.
524 1945 618 1982 413.
661 1944 762 1982 Rud.
792 1946 885 1982 895.
927 1945 1035 1982 Trin.
1064 1940 1175 1991 821),
1200 1944 1487 1993 Mercurioque,
1521 1944 1625 1993 quod

129 2016 350 2050 mercatura
381 2026 420 2050 se
460 2013 656 2050 ditaverit.
732 2013 952 2051 coauortor
989 2010 1173 2059 domum,
1211 2015 1408 2060 revertor,
1448 2011 1495 2049 cf.
1528 2013 1622 2050 415.

130 2080 230 2118 Rud.
253 2082 373 2118 1138.
395 2101 444 2106 —
473 2082 567 2118 404.
602 2076 932 2129 Tempestatibus
958 2080 1077 2118 aedem
1103 2081 1254 2118 vovisse
1274 2093 1307 2117 a.
1330 2081 1407 2118 259
1427 2094 1459 2118 a.
1479 2080 1568 2118 Chr.
1584 2095 1622 2118 n.

131 2152 169 2186 et
199 2148 402 2187 dedicasse
434 2149 478 2187 L.
504 2149 726 2199 Scipionem
760 2149 966 2195 consulem,
999 2152 1040 2185 et
1071 2161 1119 2185 ex
1149 2148 1268 2185 titulo
1300 2149 1383 2185 eius
1414 2149 1625 2198 sepulcrali

130 2215 170 2254 C.
201 2217 231 2254 I.
264 2216 307 2254 L.
340 2217 358 2254 Ι
388 2230 425 2254 n.
462 2219 511 2255 32
553 2224 591 2254 et
631 2231 678 2254 ex
716 2217 849 2255 Ovidii
878 2216 986 2254 Fast.
1020 2216 1089 2263 VI,
1135 2217 1209 2254 193
1243 2220 1410 2253 constat.
1442 2236 1496 2241 —-
1527 2217 1622 2255 407.

132 2279 268 2331 adfeci
283 2285 329 2322 A.
355 2305 410 2310 —
435 2286 528 2323 408.
562 2281 757 2323 laetantis
787 2280 953 2332 faciam,
985 2298 1021 2322 V.
1041 2285 1088 2322 ad
1106 2285 1246 2322 Pseud.
1267 2286 1358 2322 325.
1405 2283 1624 2322 Verborum

132 2352 309 2390 ordinem
328 2353 458 2391 hiatus
480 2354 787 2392 causa mutavit
803 2353 864 2391 Fl.
886 2354 951 2391 vix
974 2354 1206 2391 necessario.
1223 2372 1278 2386 —.
1303 2353 1397 2391 409.
1431 2349 1623 2401 adfinem,

131 2433 322 2468 socerum,
368 2425 414 2459 ut
445 2421 534 2459 Aul.
571 2422 663 2459 528.
705 2441 757 2446 —
791 2422 886 2458 410.
929 2417 1162 2459 inimicitia.
1223 2420 1440 2468 Singularis
1471 2421 1624 2458 numeri

130 2501 252 2535 usum,
287 2502 401 2538 quern
434 2488 474 2527 C.
509 2489 640 2526 Caesar
670 2488 977 2539 improbaverat,
1010 2488 1128 2526 Ennii
1161 2490 1398 2526 auctoritate
1429 2501 1464 2526 v.
1497 2489 1534 2526 d.
1560 2502 1622 2539 ap.

58 2553 74 2569 ‘⁴
130 2555 229 2594 Gell.
261 2557 377 2603 XIX,
421 2559 464 2603 8,
506 2558 527 2594 6
562 2556 758 2602 defendit;
807 2557 853 2594 cf.
886 2556 965 2594 Cic.
998 2557 1111 2594 Tusa
1144 2556 1208 2604 IV,
1248 2558 1290 2604 9,
1334 2557 1399 2594 21.
1435 2576 1482 2581 -
1526 2557 1622 2594 411.

131 2621 232 2674 quid
251 2625 395 2673 potest
414 2622 618 2673 pecunia3
665 2638 735 2662 nec
772 2628 890 2672 negat
927 2627 1011 2674 ipse
1041 2624 1216 2674 Antipho
1247 2639 1283 2663 v.
1319 2626 1409 2662 520.
1442 2643 1496 2650 -—
1526 2625 1622 2663 412.

130 2692 247 2742 qesta
268 2702 313 2730 re
329 2692 375 2729 A.
402 2712 451 2718 -
479 2694 574 2731 414.
607 2691 698 2730 sine
722 2688 948 2738 aduocatis,
981 2693 1115 2730 amicis
1147 2693 1425 2739 communibus,
1456 2705 1622 2741 quorum

132 2771 251 2809 opera
281 2761 428 2798 reditio
459 2761 498 2798 in
530 2762 698 2810 gratiam
731 2758 815 2796 fieri
848 2760 958 2797 solet.
999 2779 1047 2785 —
1091 2755 1244 2798 ibidem
1272 2757 1318 2798 in
1349 2770 1524 2806 cercuro,
1558 2773 1622 2809 ep-
