2009 3218
172 210 223 256 Η,
251 213 279 253 ι,
304 210 438 246 29—45
846 208 1003 243 Stichus.
1578 214 1652 252 211

173 336 254 380 Sed
285 334 460 378 tandem
491 348 620 394 quom
652 334 856 385 recogito,
890 334 1135 392 quipotuit
1159 335 1270 376 scire
1297 334 1404 377 haec
1430 336 1540 378 scire
1569 338 1663 378 me?

173 408 264 451 Non
305 408 417 449 euim
457 420 634 461 possum
674 406 778 459 quin
812 411 1030 454 reum-tar,
1070 406 1170 460 quin
1206 406 1377 459 loquar,
1417 408 1520 461 quin
1553 408 1663 450 edis-

1123 483 1281 519 sertem

173 550 384 606 Eramque
416 564 467 592 ex
498 563 693 592 maerore
725 550 921 600 eximam,
959 549 1068 590 bene
1100 549 1218 590 facta
1250 550 1461 592 maiorum
1493 565 1635 594 meum

173 622 412 675 exaugeam
446 627 576 676 atque
608 621 726 670 illam
757 635 937 675 augeam
970 622 1192 675 insperato
1226 626 1472 675 opportuno
1506 622 1632 665 bono.

172 693 443 737 Contundam
464 693 579 736 facta
596 693 798 748 Talthybi
824 698 1184 746 contemnamque
1210 693 1349 734 omnis
1374 692 1561 741 nuntios,
1599 703 1665 736 305

172 765 392 820 Simulque
425 779 648 807 cursuram
680 765 926 807 meditabor
958 765 1012 806 ad
1044 764 1169 806 ludos
1201 764 1438 818 Olympios.

171 837 254 881 Sed
285 838 470 891 spatium
503 837 602 887 hoc,
636 838 848 887 occurrit,
889 837 1021 879 breue
1053 842 1118 878 est
1149 836 1386 887 curriculo;
1435 849 1566 890 quam
1598 850 1664 877 me

1121 909 1326 962 paenitet.

173 981 282 1032 Quid
309 981 418 1024 hoc‘?
478 982 708 1024 Occlusam
739 983 912 1023 ianuam
946 981 1086 1023 uideo.
1149 980 1225 1022 Ibo
1258 987 1301 1022 et
1332 980 1514 1034 pultabo
1545 979 1664 1022 foris.

156 1054 344 1116 Aperite
368 1059 501 1108 atque
526 1053 830 1108 adproperate,
861 1052 977 1096 fores
995 1053 1125 1095 facite
1144 1057 1192 1094 ut
1209 1058 1409 1107 pateant3
1441 1057 1664 1094 remouete

1120 1139 1298 1166 moram.

172 1198 309 1240 Nimis
341 1197 446 1240 haec
477 1212 548 1239 res
581 1198 671 1238 sine
710 1211 815 1238 cura
853 1199 1037 1251 geritur3
1083 1197 1183 1239 uide
1223 1211 1352 1250 quam
1392 1196 1556 1238 dudum
1596 1196 1666 1237 hic

1122 1274 1219 1311 asto
1252 1274 1295 1310 et
1325 1268 1461 1323 pulto.
1600 1279 1666 1312 310

174 1342 387 1384 Somnone
419 1355 596 1395 operam
628 1341 775 1383 datis?
815 1342 1014 1394 experiar
1045 1341 1161 1383 fores
1192 1355 1247 1382 an
1279 1341 1415 1383 cubiti
1448 1354 1498 1382 ac
1530 1341 1664 1395 pedes

1124 1413 1222 1467 plus
1255 1413 1446 1454 ualeant.

169 1484 305 1527 Nimis
330 1485 485 1527 uellem
515 1486 594 1527 hae
620 1484 732 1528 fores
759 1500 879 1527 erum
902 1484 1124 1539 fugissent,
1165 1495 1216 1527 ea
1234 1498 1366 1528 causa
1383 1490 1430 1526 ut
1447 1483 1661 1526 haberent

1121 1571 1324 1610 magnum
1356 1570 1510 1608 anum3

442 1629 651 1671 Defessus
684 1643 779 1672 sum
811 1629 1034 1684 pultando.

442 1700 546 1758 Hoc·
570 1708 833 1753 postremum
865 1706 952 1743 est:
986 1715 1068 1743 uae
1100 1701 1241 1744 uobis.

767 1825 1082 1868 Gelasimus

442 1898 518 1940 Ibo
551 1902 682 1952 'atque
714 1898 829 1940 hunc
862 1898 1130 1953 conpellabo‚
1599 1909 1666 1942 315

448 1970 599 2012 Saluos
632 1971 705 2012 Sis.

777 2072 1055 2114 Pinacium

767 2144 820 2186 Et
852 2152 898 2186 tu
932 2144 1064 2186 salue.

763 2271 1071 2312 Gelasimus

390 2394 391 2397 Ἴ
446 2342 533 2383 Iam
567 2350 612 2383 tu
646 2343 839 2396 piscator
870 2342 1059 2384 factu's‘?

286 2501 350 2535 302
374 2512 437 2535 om.
467 2500 495 2535 C
578 2500 639 2544 qui
665 2512 723 2535 me
754 2499 870 2533 disser
895 2503 931 2534 te
959 2498 993 2534 Β
1074 2501 1140 2534 303
1164 2500 1346 2534 malorum
1373 2499 1442 2535 BC
1532 2500 1597 2533 304
1624 2511 1667 2533 ex

177 2556 364 2601 insperato
389 2556 458 2592 BC
545 2557 654 2591 domo
681 2557 723 2598 A,
750 2556 861 2590 modo
888 2555 955 2591 BC
1039 2558 1105 2590 305
1129 2555 1334 2590 Thalthubi
1360 2557 1404 2600 A,
1430 2555 1577 2591 talthibi
1602 2555 1670 2590 BC

175 2612 240 2648 806
264 2614 310 2649 ad
334 2624 522 2648 cursuram
548 2613 759 2648 meditabor
783 2624 842 2646 me
868 2613 915 2647 ad
1051 2613 1223 2657 olympiae
1251 2612 1314 2648 Bo
1437 2614 1504 2648 307
1530 2612 1669 2647 occidit

177 2669 325 2705 brenest
426 2671 494 2705 310
519 2676 599 2705 asto
626 2682 663 2704 es
690 2668 758 2704 BC
861 2670 1008 2713 repulto
1035 2670 1067 2703 A
1184 2671 1248 2704 311
1277 2669 1364 2705 Sum
1390 2681 1465 2705 non
1492 2669 1521 2704 C
1623 2679 1669 2703 an

177 2727 286 2770 pedes
367 2729 433 2762 312
458 2738 605 2762 manum
632 2737 807 2770 magnum
889 2728 955 2761 314
981 2738 1048 2761 uae
1073 2737 1138 2762 om.
1164 2725 1234 2762 Bo
1301 2729 1367 2761 315
1392 2726 1575 2771 compello
1601 2724 1669 2760 BC

177 2783 243 2818 816
267 2782 347 2818 DIN
375 2783 405 2820 C
427 2788 466 2819 ut
490 2784 529 2819 in
554 2784 705 2828 reliquis
731 2794 868 2827 semper

1271 2873 1275 2876 Δ
1336 2856 1394 2889 14*
