2009 3218
138 191 200 235 lV,
225 194 256 234 3,
282 194 416 225 41--55
811 193 968 228 studens.
1550 200 1624 235 149

135 316 270 359 Nemo
302 322 432 368 emat;
469 331 588 359 suam
621 319 806 372 quisque
838 324 1005 372 partem
1040 320 1219 373 piscium
1255 326 1407 374 poscat
1438 321 1539 371 sibi3

137 389 291 431 Dicant
323 390 365 431 in
399 391 504 431 mari
538 391 751 432 communi
783 395 948 444 captos.

739 508 1016 549 Trachalio

993 578 1104 629 Quid
1138 580 1216 629 ais,
1249 581 1496 635 inpudens?

135 650 286 692 Ausu's
318 650 448 692 etiam
481 664 721 705 conparare
756 651 948 693 nidulum
982 665 1075 694 cum
1110 651 1330 706 piscibus?

135 721 293 764 Eadem
326 722 500 764 tandem
534 737 602 764 res
634 722 837 765 uidetur?

779 842 850 883 Gr
865 843 980 893 spus

894 913 940 955 In
974 927 1101 955 manu
1133 927 1218 955 non
1252 917 1318 955 est
1350 927 1455 955 mea.
1555 926 1623 960 970

132 984 212 1027 Ubi
246 984 396 1026 demisi
430 990 520 1027 rete
553 991 685 1040 atque
719 985 903 1036 hamum,
938 984 1151 1040 quidquid
1184 984 1326 1026 haesit
1357 985 1549 1027 extraho.

131 1057 271 1099 Meum
291 1057 403 1112 quod
425 1063 515 1099 rete
535 1063 664 1113 atque
683 1057 799 1099 hami
819 1059 964 1099 nancti
983 1062 1094 1104 sunt,
1116 1070 1255 1098 meum
1274 1057 1618 1110 potissumumst.

738 1183 1020 1225 Trachalio

132 1255 264 1298 Immo
296 1255 439 1298 hercle
470 1255 587 1297 haud
622 1261 700 1306 est,
734 1256 768 1297 si
802 1255 975 1310 quidem
1007 1255 1122 1310 quod
1156 1269 1233 1297 uas
1266 1256 1485 1309 excepisti.

775 1381 812 1423 G
824 1396 846 1422 r
855 1381 906 1433 ip
920 1395 943 1422 τι
956 1395 978 1423 s

1344 1452 1620 1508 Philosophe.

739 1556 1012 1598 Trachalio

131 1626 214 1670 Sed
245 1632 291 1670 tu
323 1642 373 1670 en
406 1642 610 1682 umquam
644 1629 906 1682 piscatorem
938 1628 1100 1679 uidisti,
1133 1627 1336 1677 uenefice‚

132 1699 333 1742 Uidulum
366 1701 526 1755 piscem
558 1701 727 1754 cepisse
760 1708 835 1742 aut
867 1700 1096 1754 protulisse
1128 1699 1261 1741 ullum
1291 1701 1331 1741 in
1357 1700 1528 1742 forum?
1555 1712 1621 1746 975

130 1771 224 1814 Non
251 1773 363 1814 enim
381 1778 426 1814 tu
445 1773 514 1814 hic
531 1773 704 1827 quidem
723 1772 958 1826 occupabis
978 1773 1115 1813 omnis
1134 1778 1341 1826 quaestus
1361 1787 1470 1827 quos
1488 1773 1619 1815 uoles.

130 1843 183 1885 Et
214 1845 398 1886 nitorem
432 1850 476 1886 et
508 1846 766 1898 piscatorem
799 1852 841 1886 te
874 1858 981 1895 esse,
1012 1845 1178 1898 inpure,
1212 1845 1420 1898 postulas.

129 1915 206 1958 Uel
238 1924 279 1958 te
312 1917 413 1959 mihi
447 1922 687 1958 monstrare
720 1922 892 1970 oportet
924 1918 1054 1970 piscis
1087 1918 1161 1970 qui
1194 1918 1248 1958 sit
1281 1917 1465 1967 nidulus,

132 1987 208 2030 Uel
240 1989 357 2044 quod
389 1990 431 2030 in
466 1990 571 2030 mari
602 2004 687 2030 non
722 1994 872 2030 natum
904 1994 972 2031 est
1002 2002 1139 2043 neque
1172 1989 1304 2030 habet
1337 2003 1540 2042 squamas
1567 2006 1619 2034 ne

1080 2060 1207 2103 feras.

777 2170 978 2223 Gripus

131 2240 269 2292 Quid?
300 2247 347 2285 tu
378 2257 611 2297 numquam
645 2243 806 2285 audisti
838 2257 931 2285 esse
964 2242 1150 2285 antehac
1190 2243 1384 2285 nidulum
1427 2245 1618 2298 piscem?

734 2361 796 2402 Tr
806 2374 827 2402 α
841 2360 892 2402 ch
903 2360 976 2402 ali
989 2374 1010 2399 0

1367 2432 1528 2486 SceluS,
1553 2445 1621 2480 980

131 2502 286 2547 Nullus
317 2509 393 2547 est.

240 2663 307 2696 967
333 2667 392 2697 eat
418 2663 447 2698 C
548 2664 614 2697 968
639 2662 748 2697 Dicat
774 2661 808 2696 B
912 2663 973 2696 971
1005 2667 1122 2697 retem
1149 2663 1178 2697 O
1287 2674 1409 2698 amum
1435 2664 1516 2708 quit
1542 2665 1620 2708 quit

97 2747 106 2755 ,
131 2718 224 2752 teuit
247 2720 402 2754 extrabo
429 2719 463 2754 B
567 2721 634 2754 972
660 2725 750 2762 quot.
775 2718 810 2753 B
914 2719 1011 2753 hami
1039 2731 1159 2754 meum
1187 2719 1216 2755 G
1323 2721 1557 2765 potissimust
1582 2719 1618 2755 Β

130 2774 194 2808 973
218 2772 406 2820 υκοὶερίειί
433 2774 460 2807 (J
551 2778 617 2809 974
644 2784 716 2810 tuae
744 2787 940 2820 numquam
971 2775 999 2810 C'
1087 2777 1154 2810 950
1178 2775 1245 2819 Qui
1340 2777 1515 2811 audiuisti
