2009 3218
148 162 184 200 Π
208 161 241 203 4,
268 161 331 196 149
343 160 443 194 --162
763 157 1012 193 Trinmnmus.
1546 161 1624 198 ’387

147 286 239 338 Quo
269 285 412 328 cuncti
445 284 518 339 qui
549 287 738 326 aetatem
770 284 936 337 egerint
967 289 1083 325 caste
1115 297 1235 325 suam

147 358 438 407 Conueniaut3
469 361 621 398 contra
653 356 761 398 istoc
793 354 966 397 detrudi
999 354 1216 396 maleficos

146 432 336 485 Aequom
369 427 554 478 uidetur,
587 428 661 482 qui
692 426 865 482 quidem
896 427 1019 469 istius
1051 427 1107 468 sit
1138 426 1265 468 modi.

750 529 1016 572 Stasimus

149 604 390 659 Hospitium
422 606 486 644 est
517 602 794 644 calamitatis.
856 601 969 652 Quid
1000 600 1146 644 uerbis
1177 602 1332 655 opust?
1567 613 1634 648 555

147 675 352 727 Quamuis
383 674 540 716 malam
574 689 663 716 rem
695 688 894 729 quaeras,
924 673 1013 715 illic
1043 674 1248 727 reperias.

798 768 978 810 Philto

149 844 204 886 At
232 847 278 885 tu
312 842 456 883 hercle
489 847 532 882 et
563 841 624 882 illi
659 847 700 883 et
731 840 848 882 alibi.

24 955 42 1001 ‘x
754 941 1015 984 Stasimus

33 1009 62 1097 ε’»
147 1073 214 1116 Me
244 1072 324 1115 tibi
355 1072 514 1114 dixisse
544 1071 628 1114 hoc
905 1012 1020 1056 caue
1053 1015 1111 1056 Sis
1144 1015 1304 1056 dixeris

800 1163 979 1205 Philto

702 1235 861 1278 Dixisti
891 1249 1052 1278 arcano
1086 1236 1204 1278 satis.

752 1337 1021 1381 Stasimus

148 1409 257 1461 Quin
288 1409 357 1452 hic
389 1410 563 1464 quidem
597 1410 717 1464 cupit
748 1411 869 1452 illum
902 1412 955 1453 ab
988 1425 1032 1454 se
1064 1409 1363 1461 abalienarier‚

149 1482 192 1525 Si
223 1496 348 1537 quem
381 1483 573 1536 reperire
605 1483 753 1537 possit,
787 1484 889 1538 quoi
921 1497 968 1526 os
1000 1483 1204 1525 sublinat.
1569 1492 1638 1526 560

795 1578 979 1619 Philto

39 1642 75 1709 ’ζ’
152 1649 271 1692 Meus
303 1648 477 1703 quidem
509 1648 652 1692 hercle
684 1665 918 1704 numquam
949 1651 1036 1693 fiet.

40 1730 81 1797 ἕξ
757 1745 1019 1787 Stasimus

39 1797 74 1821 '⁵
1098 1802 1143 1845 Si
1175 1802 1320 1856 sapies
1352 1801 1539 1856 quidem.

151 1873 310 1928 Lepide
340 1872 488 1916 hercle
519 1873 572 1915 de
604 1887 707 1927 agro
740 1887 818 1927 ego
850 1873 962 1916 hunc
993 1887 1138 1916 senem
1171 1874 1383 1926 deterrui3

152 1944 260 1988 Nam
292 1945 366 2000 qui
397 1946 596 1988 uiuamus
627 1945 734 1988 nihil
765 1951 844 1998 est,
875 1946 911 1988 si
939 1945 1062 1988 illum
1093 1947 1299 1989 amiserit.

23 2091 28 2098 .
802 2049 978 2091 Philto

83 2131 86 2134 ·
153 2118 296 2162 Redeo
327 2119 383 2162 ad
413 2124 469 2170 te,
501 2120 749 2163 Lesbonico.

724 2211 1057 2254 Lesbonicus

16 2338 20 2349 y
92 2327 93 2330 Ἴ
820 2285 899 2325 Dic
930 2284 1060 2326 sodes
1092 2283 1208 2335 mihi,

18 2382 28 2396 ,
79 2412 82 2414 -
154 2351 265 2404 Quid
295 2353 366 2396 hic
398 2360 464 2398 est
494 2356 666 2398 locutus
699 2356 876 2398 tecum?

263 2514 330 2548 552
354 2517 510 2558 egerunt
533 2513 600 2549 BG
696 2525 775 2548 sum
800 2513 868 2549 BC
963 2515 1029 2549 253
1054 2514 1150 2548 istuc
1176 2514 1208 2548 A
1307 2514 1476 2551 destrudi
1501 2515 1544 2560 B,
1573 2515 1637 2550 (le-

19 2564 29 2609 }
87 2567 98 2611 ⁵:
154 2569 286 2604 trumdi
316 2569 346 2605 G
427 2572 492 2605 554
518 2572 592 2606 sint
615 2569 685 2606 ΒΟ
769 2571 836 2605 555
862 2571 966 2615 opusi
992 2570 1027 2605 B
1117 2572 1183 2606 556
1209 2583 1365 2617 querens
1394 2572 1431 2608 B
1512 2574 1578 2608 557
1605 2577 1641 2607 et

21 2644 26 2653 ·
152 2625 256 2670 pn'us
279 2637 346 2662 om.
362 2626 392 2662 C'
456 2627 531 2663 illic
553 2628 585 2662 A
658 2629 724 2662 558
749 2627 843 2661 dixti
865 2627 899 2661 A
971 2638 1124 2662 arcanos
1149 2632 1248 2663 setes
1270 2629 1302 2663 A
1382 2631 1448 2665 559
1473 2641 1554 2665 sese
1576 2629 1644 2665 BC

154 2682 221 2717 660
243 2683 390 2728 quidem
416 2683 483 2719 BC
553 2691 680 2730 posset
704 2683 772 2720 BC
848 2684 951 2719 cuius
978 2684 1138 2719 sublinat
1163 2684 1232 2721 Bc·
1305 2687 1368 2721 561
1396 2698 1580 2732 nusquam
1605 2687 1640 2720 A

110 2776 118 2783 ⁴
154 2738 220 2774 562
243 2739 288 2775 de
312 2750 378 2776 om.
402 2741 437 2775 A
519 2741 589 2777 hoc
613 2741 709 2776 hunc
735 2741 769 2775 A
850 2741 915 2775 563
941 2752 1069 2776 namus
1093 2743 1128 2777 A
1209 2743 1276 2778 565
1302 2746 1358 2779 est
1386 2753 1452 2779 om.
1477 2743 1546 2779 BC
