<?xml version="1.0" encoding="UTF-8"?>
<!DOCTYPE html PUBLIC "-//W3C//DTD XHTML 1.0 Transitional//EN"
    "http://www.w3.org/TR/xhtml1/DTD/xhtml1-transitional.dtd">
<html xmlns="http://www.w3.org/1999/xhtml" xml:lang="en" lang="en">
 <head>
  <title>
</title>
<meta http-equiv="Content-Type" content="text/html;charset=utf-8" />
  <meta name='ocr-system' content='tesseract 3.04.00' />
  <meta name='ocr-capabilities' content='ocr_page ocr_carea ocr_par ocr_line ocrx_word'/>
</head>
<body>
  <div class='ocr_page' id='page_1' title='image "./comoediaerecensu05plauuoft_0150.png"; bbox 0 0 2009 3218; ppageno 0'>
   <div class='ocr_carea' id='block_1_1' title="bbox 341 185 1820 250">
    <p class='ocr_par' dir='ltr' id='par_1_1' title="bbox 341 185 1820 250">
     <span class='ocr_line' id='line_1_1' title="bbox 341 185 1820 250; baseline -0.005 -6"><span class='ocrx_word' id='word_1_1' title='bbox 341 212 419 250; x_wconf 78' lang='lat'>144</span> <span class='ocrx_word' id='word_1_2' title='bbox 675 185 682 189; x_wconf 53' lang='lat'><strong>⁴</strong></span> <span class='ocrx_word' id='word_1_3' title='bbox 1020 203 1140 238; x_wconf 67' lang='lat' dir='ltr'>mauu</span> <span class='ocrx_word' id='word_1_4' title='bbox 1566 201 1627 245; x_wconf 79' lang='lat' dir='ltr'>iv,</span> <span class='ocrx_word' id='word_1_5' title='bbox 1652 203 1683 245; x_wconf 81' lang='lat'>2,</span> <span class='ocrx_word' id='word_1_6' title='bbox 1708 202 1820 243; x_wconf 66' lang='grc'><strong>8-,25</strong></span> 
     </span>
    </p>
   </div>
   <div class='ocr_carea' id='block_1_2' title="bbox 334 326 1830 1603">
    <p class='ocr_par' dir='ltr' id='par_1_2' title="bbox 334 326 1830 1603">
     <span class='ocr_line' id='line_1_2' title="bbox 334 326 1819 386; baseline -0.004 -12"><span class='ocrx_word' id='word_1_7' title='bbox 334 332 486 386; x_wconf 83' lang='lat' dir='ltr'>Neque</span> <span class='ocrx_word' id='word_1_8' title='bbox 511 331 691 385; x_wconf 86' lang='lat' dir='ltr'>piscium</span> <span class='ocrx_word' id='word_1_9' title='bbox 714 329 847 372; x_wconf 89' lang='lat' dir='ltr'>ullam</span> <span class='ocrx_word' id='word_1_10' title='bbox 871 329 1044 371; x_wconf 84' lang='lat' dir='ltr'>unciam</span> <span class='ocrx_word' id='word_1_11' title='bbox 1063 327 1205 382; x_wconf 88' lang='lat' dir='ltr'>pondo</span> <span class='ocrx_word' id='word_1_12' title='bbox 1225 326 1352 369; x_wconf 90' lang='lat' dir='ltr'>hodie</span> <span class='ocrx_word' id='word_1_13' title='bbox 1371 327 1466 381; x_wconf 87' lang='lat' dir='ltr'>cepi</span> <span class='ocrx_word' id='word_1_14' title='bbox 1490 327 1574 368; x_wconf 90' lang='lat' dir='ltr'>nisi</span> <span class='ocrx_word' id='word_1_15' title='bbox 1597 326 1680 368; x_wconf 90' lang='lat' dir='ltr'>hoc</span> <span class='ocrx_word' id='word_1_16' title='bbox 1704 326 1819 380; x_wconf 90' lang='lat' dir='ltr'>quod</span> 
     </span>
     <span class='ocr_line' id='line_1_3' title="bbox 1283 397 1684 440; baseline 0.002 -2"><span class='ocrx_word' id='word_1_17' title='bbox 1283 397 1374 440; x_wconf 90' lang='lat' dir='ltr'>fero</span> <span class='ocrx_word' id='word_1_18' title='bbox 1405 398 1476 439; x_wconf 87' lang='lat' dir='ltr'>hic</span> <span class='ocrx_word' id='word_1_19' title='bbox 1504 399 1549 439; x_wconf 88' lang='lat' dir='ltr'>in</span> <span class='ocrx_word' id='word_1_20' title='bbox 1579 401 1684 439; x_wconf 88' lang='lat' dir='ltr'>rete.</span> 
     </span>
     <span class='ocr_line' id='line_1_4' title="bbox 450 470 1602 525; baseline -0.004 -9"><span class='ocrx_word' id='word_1_21' title='bbox 450 474 558 516; x_wconf 89' lang='lat' dir='ltr'>Nam</span> <span class='ocrx_word' id='word_1_22' title='bbox 592 477 640 515; x_wconf 91' lang='lat' dir='ltr'>ut</span> <span class='ocrx_word' id='word_1_23' title='bbox 671 473 723 514; x_wconf 89' lang='lat' dir='ltr'>de</span> <span class='ocrx_word' id='word_1_24' title='bbox 754 477 882 516; x_wconf 88' lang='lat' dir='ltr'>nocte</span> <span class='ocrx_word' id='word_1_25' title='bbox 913 472 1050 514; x_wconf 84' lang='lat' dir='ltr'>multa</span> <span class='ocrx_word' id='word_1_26' title='bbox 1080 471 1334 525; x_wconf 83' lang='lat' dir='ltr'>inpigreque</span> <span class='ocrx_word' id='word_1_27' title='bbox 1366 470 1602 519; x_wconf 82' lang='lat' dir='ltr'>exsurrexi,</span> 
     </span>
     <span class='ocr_line' id='line_1_5' title="bbox 454 543 1354 602; baseline -0.004 -15"><span class='ocrx_word' id='word_1_28' title='bbox 454 546 639 602; x_wconf 84' lang='lat' dir='ltr'>Lucrum</span> <span class='ocrx_word' id='word_1_29' title='bbox 671 545 922 599; x_wconf 83' lang='lat' dir='ltr'>praeposiui</span> <span class='ocrx_word' id='word_1_30' title='bbox 955 543 1098 597; x_wconf 86' lang='lat' dir='ltr'>sopori</span> <span class='ocrx_word' id='word_1_31' title='bbox 1131 547 1175 584; x_wconf 89' lang='lat' dir='ltr'>et</span> <span class='ocrx_word' id='word_1_32' title='bbox 1205 543 1354 596; x_wconf 80' lang='lat' dir='ltr'>quieti.</span> 
     </span>
     <span class='ocr_line' id='line_1_6' title="bbox 451 614 1824 670; baseline -0.004 -12"><span class='ocrx_word' id='word_1_33' title='bbox 451 617 729 670; x_wconf 87' lang='lat' dir='ltr'>Tempestate</span> <span class='ocrx_word' id='word_1_34' title='bbox 761 629 894 657; x_wconf 87' lang='lat' dir='ltr'>saeua</span> <span class='ocrx_word' id='word_1_35' title='bbox 924 615 1109 669; x_wconf 85' lang='lat' dir='ltr'>experiri</span> <span class='ocrx_word' id='word_1_36' title='bbox 1141 614 1342 667; x_wconf 84' lang='lat' dir='ltr'>expetiui,</span> <span class='ocrx_word' id='word_1_37' title='bbox 1555 620 1557 622; x_wconf 78' lang='grc'><strong>’</strong></span> <span class='ocrx_word' id='word_1_38' title='bbox 1757 625 1824 658; x_wconf 88' lang='lat'>905</span> 
     </span>
     <span class='ocr_line' id='line_1_7' title="bbox 452 685 1487 741; baseline -0.004 -12"><span class='ocrx_word' id='word_1_39' title='bbox 452 688 758 741; x_wconf 78' lang='lat' dir='ltr'>Paupertatem</span> <span class='ocrx_word' id='word_1_40' title='bbox 792 688 853 728; x_wconf 89' lang='lat' dir='ltr'>eri</span> <span class='ocrx_word' id='word_1_41' title='bbox 885 687 958 740; x_wconf 89' lang='lat' dir='ltr'>qui</span> <span class='ocrx_word' id='word_1_42' title='bbox 991 691 1034 728; x_wconf 91' lang='lat' dir='ltr'>et</span> <span class='ocrx_word' id='word_1_43' title='bbox 1065 699 1203 727; x_wconf 89' lang='lat' dir='ltr'>meam</span> <span class='ocrx_word' id='word_1_44' title='bbox 1235 685 1487 726; x_wconf 83' lang='lat' dir='ltr'>seruitutem</span> 
     </span>
     <span class='ocr_line' id='line_1_8' title="bbox 453 757 1454 813; baseline -0.004 -12"><span class='ocrx_word' id='word_1_45' title='bbox 453 759 722 811; x_wconf 77' lang='lat' dir='ltr'>Tolerarem3</span> <span class='ocrx_word' id='word_1_46' title='bbox 755 772 889 813; x_wconf 87' lang='lat' dir='ltr'>opera</span> <span class='ocrx_word' id='word_1_47' title='bbox 918 758 1036 799; x_wconf 81' lang='lat' dir='ltr'>haud</span> <span class='ocrx_word' id='word_1_48' title='bbox 1066 757 1127 798; x_wconf 84' lang='lat' dir='ltr'>fui</span> <span class='ocrx_word' id='word_1_49' title='bbox 1159 770 1316 811; x_wconf 86' lang='lat' dir='ltr'>parcus</span> <span class='ocrx_word' id='word_1_50' title='bbox 1347 770 1454 797; x_wconf 83' lang='lat' dir='ltr'>mea.</span> 
     </span>
     <span class='ocr_line' id='line_1_9' title="bbox 339 828 1824 885; baseline -0.001 -13"><span class='ocrx_word' id='word_1_51' title='bbox 339 831 477 873; x_wconf 89' lang='lat' dir='ltr'>Nimis</span> <span class='ocrx_word' id='word_1_52' title='bbox 509 831 635 872; x_wconf 92' lang='lat' dir='ltr'>homo</span> <span class='ocrx_word' id='word_1_53' title='bbox 668 831 836 872; x_wconf 86' lang='lat' dir='ltr'>nihilist</span> <span class='ocrx_word' id='word_1_54' title='bbox 866 831 940 885; x_wconf 90' lang='lat' dir='ltr'>qui</span> <span class='ocrx_word' id='word_1_55' title='bbox 971 830 1092 883; x_wconf 84' lang='lat' dir='ltr'>piger</span> <span class='ocrx_word' id='word_1_56' title='bbox 1123 835 1205 878; x_wconf 84' lang='lat' dir='ltr'>est,</span> <span class='ocrx_word' id='word_1_57' title='bbox 1247 829 1461 882; x_wconf 88' lang='lat' dir='ltr'>nimisque</span> <span class='ocrx_word' id='word_1_58' title='bbox 1499 828 1542 869; x_wconf 92' lang='lat' dir='ltr'>id</span> <span class='ocrx_word' id='word_1_59' title='bbox 1582 841 1717 881; x_wconf 87' lang='lat' dir='ltr'>genus</span> <span class='ocrx_word' id='word_1_60' title='bbox 1753 828 1824 870; x_wconf 89' lang='lat' dir='ltr'>odi</span> 
     </span>
     <span class='ocr_line' id='line_1_10' title="bbox 1292 899 1526 953; baseline -0.004 -12"><span class='ocrx_word' id='word_1_61' title='bbox 1292 913 1370 953; x_wconf 89' lang='lat' dir='ltr'>ego</span> <span class='ocrx_word' id='word_1_62' title='bbox 1401 899 1526 941; x_wconf 87' lang='lat' dir='ltr'>male.</span> 
     </span>
     <span class='ocr_line' id='line_1_11' title="bbox 343 970 1826 1029; baseline -0.003 -12"><span class='ocrx_word' id='word_1_63' title='bbox 343 975 536 1029; x_wconf 87' lang='lat' dir='ltr'>Uigilare</span> <span class='ocrx_word' id='word_1_64' title='bbox 569 975 693 1017; x_wconf 83' lang='lat' dir='ltr'>decet</span> <span class='ocrx_word' id='word_1_65' title='bbox 723 974 940 1016; x_wconf 92' lang='lat' dir='ltr'>hominem</span> <span class='ocrx_word' id='word_1_66' title='bbox 972 974 1043 1027; x_wconf 92' lang='lat' dir='ltr'>qui</span> <span class='ocrx_word' id='word_1_67' title='bbox 1076 972 1168 1014; x_wconf 92' lang='lat' dir='ltr'>uolt</span> <span class='ocrx_word' id='word_1_68' title='bbox 1199 985 1277 1014; x_wconf 88' lang='lat' dir='ltr'>sua</span> <span class='ocrx_word' id='word_1_69' title='bbox 1307 971 1489 1026; x_wconf 86' lang='lat' dir='ltr'>temperi</span> <span class='ocrx_word' id='word_1_70' title='bbox 1522 970 1731 1013; x_wconf 86' lang='lat' dir='ltr'>conficere</span> <span class='ocrx_word' id='word_1_71' title='bbox 1764 971 1826 1013; x_wconf 84' lang='lat' dir='ltr'>of-</span> 
     </span>
     <span class='ocr_line' id='line_1_12' title="bbox 1289 1043 1407 1094; baseline 0.008 -10"><span class='ocrx_word' id='word_1_72' title='bbox 1289 1043 1407 1094; x_wconf 79' lang='lat' dir='ltr'>ficia3</span> 
     </span>
     <span class='ocr_line' id='line_1_13' title="bbox 343 1115 1825 1171; baseline -0.003 -11"><span class='ocrx_word' id='word_1_73' title='bbox 343 1119 437 1160; x_wconf 90' lang='lat' dir='ltr'>Non</span> <span class='ocrx_word' id='word_1_74' title='bbox 471 1119 582 1159; x_wconf 91' lang='lat' dir='ltr'>enim</span> <span class='ocrx_word' id='word_1_75' title='bbox 612 1118 732 1159; x_wconf 87' lang='lat' dir='ltr'>illum</span> <span class='ocrx_word' id='word_1_76' title='bbox 765 1120 1017 1171; x_wconf 85' lang='lat' dir='ltr'>exspectare</span> <span class='ocrx_word' id='word_1_77' title='bbox 1049 1119 1239 1170; x_wconf 85' lang='lat' dir='ltr'>oportet,</span> <span class='ocrx_word' id='word_1_78' title='bbox 1278 1115 1379 1156; x_wconf 90' lang='lat' dir='ltr'>dum</span> <span class='ocrx_word' id='word_1_79' title='bbox 1412 1129 1509 1156; x_wconf 93' lang='lat' dir='ltr'>erus</span> <span class='ocrx_word' id='word_1_80' title='bbox 1541 1128 1584 1156; x_wconf 91' lang='lat' dir='ltr'>se</span> <span class='ocrx_word' id='word_1_81' title='bbox 1616 1115 1669 1156; x_wconf 89' lang='lat' dir='ltr'>ad</span> <span class='ocrx_word' id='word_1_82' title='bbox 1703 1128 1825 1156; x_wconf 88' lang='lat' dir='ltr'>suum</span> 
     </span>
     <span class='ocr_line' id='line_1_14' title="bbox 1292 1186 1829 1232; baseline -0.002 -4"><span class='ocrx_word' id='word_1_83' title='bbox 1292 1187 1477 1228; x_wconf 88' lang='lat' dir='ltr'>suscitet</span> <span class='ocrx_word' id='word_1_84' title='bbox 1507 1186 1708 1228; x_wconf 79' lang='lat' dir='ltr'>officium.</span> <span class='ocrx_word' id='word_1_85' title='bbox 1761 1198 1829 1232; x_wconf 87' lang='lat'>910</span> 
     </span>
     <span class='ocr_line' id='line_1_15' title="bbox 340 1258 1828 1317; baseline -0.003 -13"><span class='ocrx_word' id='word_1_86' title='bbox 340 1262 452 1304; x_wconf 83' lang='lat' dir='ltr'>Nam</span> <span class='ocrx_word' id='word_1_87' title='bbox 483 1263 556 1317; x_wconf 88' lang='lat' dir='ltr'>qui</span> <span class='ocrx_word' id='word_1_88' title='bbox 588 1262 807 1304; x_wconf 87' lang='lat' dir='ltr'>dormiunt</span> <span class='ocrx_word' id='word_1_89' title='bbox 836 1260 1048 1310; x_wconf 87' lang='lat' dir='ltr'>lubenter,</span> <span class='ocrx_word' id='word_1_90' title='bbox 1083 1260 1175 1301; x_wconf 87' lang='lat' dir='ltr'>sine</span> <span class='ocrx_word' id='word_1_91' title='bbox 1206 1259 1326 1301; x_wconf 87' lang='lat' dir='ltr'>lucro</span> <span class='ocrx_word' id='word_1_92' title='bbox 1359 1263 1403 1300; x_wconf 91' lang='lat' dir='ltr'>et</span> <span class='ocrx_word' id='word_1_93' title='bbox 1433 1272 1529 1300; x_wconf 85' lang='lat' dir='ltr'>cum</span> <span class='ocrx_word' id='word_1_94' title='bbox 1561 1258 1676 1300; x_wconf 88' lang='lat' dir='ltr'>malo</span> <span class='ocrx_word' id='word_1_95' title='bbox 1708 1258 1828 1312; x_wconf 90' lang='lat' dir='ltr'>quie-</span> 
     </span>
     <span class='ocr_line' id='line_1_16' title="bbox 1293 1335 1429 1373; baseline -0.007 -1"><span class='ocrx_word' id='word_1_96' title='bbox 1293 1335 1429 1373; x_wconf 88' lang='lat' dir='ltr'>scunt.</span> 
     </span>
     <span class='ocr_line' id='line_1_17' title="bbox 345 1402 1829 1459; baseline -0.003 -12"><span class='ocrx_word' id='word_1_97' title='bbox 345 1406 452 1447; x_wconf 84' lang='lat' dir='ltr'>Nam</span> <span class='ocrx_word' id='word_1_98' title='bbox 485 1419 562 1459; x_wconf 86' lang='lat' dir='ltr'>ego</span> <span class='ocrx_word' id='word_1_99' title='bbox 593 1419 706 1447; x_wconf 87' lang='lat' dir='ltr'>nunc</span> <span class='ocrx_word' id='word_1_100' title='bbox 736 1405 861 1455; x_wconf 88' lang='lat' dir='ltr'>mihi,</span> <span class='ocrx_word' id='word_1_101' title='bbox 908 1404 982 1458; x_wconf 91' lang='lat' dir='ltr'>qui</span> <span class='ocrx_word' id='word_1_102' title='bbox 1020 1404 1190 1457; x_wconf 86' lang='lat' dir='ltr'>inpiger</span> <span class='ocrx_word' id='word_1_103' title='bbox 1228 1402 1310 1455; x_wconf 87' lang='lat' dir='ltr'>fui,</span> <span class='ocrx_word' id='word_1_104' title='bbox 1349 1403 1522 1457; x_wconf 89' lang='lat' dir='ltr'>repperi</span> <span class='ocrx_word' id='word_1_105' title='bbox 1562 1407 1610 1444; x_wconf 92' lang='lat' dir='ltr'>ut</span> <span class='ocrx_word' id='word_1_106' title='bbox 1641 1403 1762 1456; x_wconf 85' lang='lat' dir='ltr'>piger</span> <span class='ocrx_word' id='word_1_107' title='bbox 1793 1402 1829 1444; x_wconf 89' lang='lat' dir='ltr'>si</span> 
     </span>
     <span class='ocr_line' id='line_1_18' title="bbox 1292 1474 1545 1516; baseline 0 0"><span class='ocrx_word' id='word_1_108' title='bbox 1292 1474 1423 1516; x_wconf 90' lang='lat' dir='ltr'>uelim</span> <span class='ocrx_word' id='word_1_109' title='bbox 1454 1475 1545 1516; x_wconf 87' lang='lat' dir='ltr'>sim.</span> 
     </span>
     <span class='ocr_line' id='line_1_19' title="bbox 348 1546 1830 1603; baseline -0.003 -12"><span class='ocrx_word' id='word_1_110' title='bbox 348 1549 439 1591; x_wconf 81' lang='lat' dir='ltr'>Hoc</span> <span class='ocrx_word' id='word_1_111' title='bbox 457 1563 534 1603; x_wconf 83' lang='lat' dir='ltr'>ego</span> <span class='ocrx_word' id='word_1_112' title='bbox 551 1550 592 1590; x_wconf 93' lang='lat' dir='ltr'>in</span> <span class='ocrx_word' id='word_1_113' title='bbox 611 1549 719 1590; x_wconf 89' lang='lat' dir='ltr'>mari</span> <span class='ocrx_word' id='word_1_114' title='bbox 736 1549 920 1602; x_wconf 90' lang='lat' dir='ltr'>repperi.</span> <span class='ocrx_word' id='word_1_115' title='bbox 969 1546 1188 1601; x_wconf 84' lang='lat' dir='ltr'>Quidquid</span> <span class='ocrx_word' id='word_1_116' title='bbox 1210 1547 1337 1597; x_wconf 86' lang='lat' dir='ltr'>inest,</span> <span class='ocrx_word' id='word_1_117' title='bbox 1361 1559 1495 1600; x_wconf 87' lang='lat' dir='ltr'>graue</span> <span class='ocrx_word' id='word_1_118' title='bbox 1519 1547 1647 1598; x_wconf 78' lang='lat' dir='ltr'>inost3</span> <span class='ocrx_word' id='word_1_119' title='bbox 1678 1559 1830 1588; x_wconf 86' lang='lat' dir='ltr'>aurum</span> 
     </span>
    </p>
   </div>
   <div class='ocr_carea' id='block_1_3' title="bbox 463 1618 1792 1735">
    <p class='ocr_par' dir='ltr' id='par_1_3' title="bbox 463 1618 1792 1735">
     <span class='ocr_line' id='line_1_20' title="bbox 1293 1618 1792 1671; baseline 0 -11"><span class='ocrx_word' id='word_1_120' title='bbox 1293 1618 1363 1660; x_wconf 86' lang='lat' dir='ltr'>hic</span> <span class='ocrx_word' id='word_1_121' title='bbox 1394 1632 1472 1671; x_wconf 90' lang='lat' dir='ltr'>ego</span> <span class='ocrx_word' id='word_1_122' title='bbox 1503 1619 1645 1660; x_wconf 88' lang='lat' dir='ltr'>inesse</span> <span class='ocrx_word' id='word_1_123' title='bbox 1675 1631 1792 1670; x_wconf 91' lang='lat' dir='ltr'>re0r;</span> 
     </span>
     <span class='ocr_line' id='line_1_21' title="bbox 463 1690 1327 1735; baseline -0.003 0"><span class='ocrx_word' id='word_1_124' title='bbox 463 1694 551 1735; x_wconf 84' lang='lat' dir='ltr'>Neo</span> <span class='ocrx_word' id='word_1_125' title='bbox 584 1693 687 1734; x_wconf 92' lang='lat' dir='ltr'>mihi</span> <span class='ocrx_word' id='word_1_126' title='bbox 719 1693 917 1734; x_wconf 84' lang='lat' dir='ltr'>conscius</span> <span class='ocrx_word' id='word_1_127' title='bbox 948 1695 1014 1733; x_wconf 92' lang='lat' dir='ltr'>est</span> <span class='ocrx_word' id='word_1_128' title='bbox 1044 1691 1157 1732; x_wconf 91' lang='lat' dir='ltr'>ullus</span> <span class='ocrx_word' id='word_1_129' title='bbox 1188 1690 1327 1733; x_wconf 91' lang='lat' dir='ltr'>homo.</span> 
     </span>
    </p>
   </div>
   <div class='ocr_carea' id='block_1_4' title="bbox 348 1763 1832 1817">
    <p class='ocr_par' dir='ltr' id='par_1_4' title="bbox 348 1763 1832 1817">
     <span class='ocr_line' id='line_1_22' title="bbox 348 1763 1832 1817; baseline -0.001 -10"><span class='ocrx_word' id='word_1_130' title='bbox 348 1765 466 1808; x_wconf 83' lang='lat' dir='ltr'>Haeo</span> <span class='ocrx_word' id='word_1_131' title='bbox 511 1765 591 1806; x_wconf 91' lang='lat' dir='ltr'>tibi</span> <span class='ocrx_word' id='word_1_132' title='bbox 639 1766 826 1815; x_wconf 84' lang='lat' dir='ltr'>occasio,</span> <span class='ocrx_word' id='word_1_133' title='bbox 873 1763 1025 1817; x_wconf 75' lang='lat' dir='ltr'>Gripe,</span> <span class='ocrx_word' id='word_1_134' title='bbox 1087 1764 1260 1817; x_wconf 82' lang='lat' dir='ltr'>optigit,</span> <span class='ocrx_word' id='word_1_135' title='bbox 1312 1767 1360 1804; x_wconf 92' lang='lat' dir='ltr'>ut</span> <span class='ocrx_word' id='word_1_136' title='bbox 1412 1763 1567 1805; x_wconf 89' lang='lat' dir='ltr'>liberet</span> <span class='ocrx_word' id='word_1_137' title='bbox 1620 1763 1832 1817; x_wconf 84' lang='lat' dir='ltr'>extemplo</span> 
     </span>
    </p>
   </div>
   <div class='ocr_carea' id='block_1_5' title="bbox 350 1839 1833 1957">
    <p class='ocr_par' dir='ltr' id='par_1_5' title="bbox 350 1839 1833 1957">
     <span class='ocr_line' id='line_1_23' title="bbox 1296 1839 1832 1889; baseline 0.007 -13"><span class='ocrx_word' id='word_1_138' title='bbox 1296 1839 1472 1889; x_wconf 89' lang='lat' dir='ltr'>praetor</span> <span class='ocrx_word' id='word_1_139' title='bbox 1502 1839 1556 1876; x_wconf 92' lang='lat' dir='ltr'>te.</span> <span class='ocrx_word' id='word_1_140' title='bbox 1766 1846 1832 1880; x_wconf 89' lang='lat'>915</span> 
     </span>
     <span class='ocr_line' id='line_1_24' title="bbox 350 1906 1833 1957; baseline -0.002 -6"><span class='ocrx_word' id='word_1_141' title='bbox 350 1909 471 1951; x_wconf 88' lang='lat' dir='ltr'>Nunc</span> <span class='ocrx_word' id='word_1_142' title='bbox 502 1910 563 1950; x_wconf 85' lang='lat' dir='ltr'>sie</span> <span class='ocrx_word' id='word_1_143' title='bbox 593 1907 761 1957; x_wconf 86' lang='lat' dir='ltr'>faciam,</span> <span class='ocrx_word' id='word_1_144' title='bbox 794 1908 855 1949; x_wconf 86' lang='lat' dir='ltr'>sic</span> <span class='ocrx_word' id='word_1_145' title='bbox 886 1907 1113 1949; x_wconf 83' lang='lat' dir='ltr'>consilium</span> <span class='ocrx_word' id='word_1_146' title='bbox 1145 1911 1230 1948; x_wconf 82' lang='lat' dir='ltr'>est:</span> <span class='ocrx_word' id='word_1_147' title='bbox 1269 1906 1322 1948; x_wconf 85' lang='lat' dir='ltr'>ad</span> <span class='ocrx_word' id='word_1_148' title='bbox 1355 1920 1474 1948; x_wconf 91' lang='lat' dir='ltr'>erum</span> <span class='ocrx_word' id='word_1_149' title='bbox 1506 1907 1676 1948; x_wconf 85' lang='lat' dir='ltr'>ueniam</span> <span class='ocrx_word' id='word_1_150' title='bbox 1708 1907 1833 1948; x_wconf 84' lang='lat' dir='ltr'>docte</span> 
     </span>
    </p>
   </div>
   <div class='ocr_carea' id='block_1_6' title="bbox 351 1982 1833 2248">
    <p class='ocr_par' dir='ltr' id='par_1_6' title="bbox 351 1982 1833 2176">
     <span class='ocr_line' id='line_1_25' title="bbox 1297 1982 1572 2029; baseline 0 -9"><span class='ocrx_word' id='word_1_151' title='bbox 1297 1983 1342 2020; x_wconf 90' lang='lat' dir='ltr'>at</span> <span class='ocrx_word' id='word_1_152' title='bbox 1375 1992 1430 2020; x_wconf 91' lang='lat' dir='ltr'>ue</span> <span class='ocrx_word' id='word_1_153' title='bbox 1461 1982 1572 2029; x_wconf 87' lang='lat' dir='ltr'>astu,</span> 
     </span>
     <span class='ocr_line' id='line_1_26' title="bbox 351 1992 1832 2105; baseline -0.001 -11"><span class='ocrx_word' id='word_1_154' title='bbox 351 2052 627 2095; x_wconf 85' lang='lat' dir='ltr'>Pauxillatim</span> <span class='ocrx_word' id='word_1_155' title='bbox 659 2050 935 2105; x_wconf 84' lang='lat' dir='ltr'>pollicitabor</span> <span class='ocrx_word' id='word_1_156' title='bbox 968 2064 1044 2105; x_wconf 90' lang='lat' dir='ltr'>pro</span> <span class='ocrx_word' id='word_1_157' title='bbox 1076 2051 1218 2104; x_wconf 84' lang='lat' dir='ltr'>eapite</span> <span class='ocrx_word' id='word_1_158' title='bbox 1249 1992 1486 2104; x_wconf 39' lang='lat' dir='ltr'>argezitum,</span> <span class='ocrx_word' id='word_1_159' title='bbox 1523 2055 1571 2091; x_wconf 88' lang='lat' dir='ltr'>ut</span> <span class='ocrx_word' id='word_1_160' title='bbox 1602 2052 1682 2093; x_wconf 88' lang='lat' dir='ltr'>sim</span> <span class='ocrx_word' id='word_1_161' title='bbox 1710 2050 1832 2093; x_wconf 92' lang='lat' dir='ltr'>liber.</span> 
     </span>
     <span class='ocr_line' id='line_1_27' title="bbox 351 2122 1833 2176; baseline -0.001 -10"><span class='ocrx_word' id='word_1_162' title='bbox 351 2124 439 2166; x_wconf 87' lang='lat' dir='ltr'>Iam</span> <span class='ocrx_word' id='word_1_163' title='bbox 479 2124 552 2165; x_wconf 93' lang='lat' dir='ltr'>ubi</span> <span class='ocrx_word' id='word_1_164' title='bbox 591 2123 700 2165; x_wconf 84' lang='lat' dir='ltr'>liber</span> <span class='ocrx_word' id='word_1_165' title='bbox 740 2136 828 2173; x_wconf 89' lang='lat' dir='ltr'>er0,</span> <span class='ocrx_word' id='word_1_166' title='bbox 872 2123 1002 2176; x_wconf 85' lang='lat' dir='ltr'>igitur</span> <span class='ocrx_word' id='word_1_167' title='bbox 1041 2122 1213 2164; x_wconf 89' lang='lat' dir='ltr'>demum</span> <span class='ocrx_word' id='word_1_168' title='bbox 1252 2123 1465 2164; x_wconf 83' lang='lat' dir='ltr'>instruam</span> <span class='ocrx_word' id='word_1_169' title='bbox 1505 2135 1657 2175; x_wconf 88' lang='lat' dir='ltr'>agrum</span> <span class='ocrx_word' id='word_1_170' title='bbox 1702 2127 1833 2176; x_wconf 84' lang='lat' dir='ltr'>atque</span> 
     </span>
    </p>

    <p class='ocr_par' dir='ltr' id='par_1_7' title="bbox 1299 2194 1700 2248">
     <span class='ocr_line' id='line_1_28' title="bbox 1299 2194 1700 2248; baseline 0.002 -13"><span class='ocrx_word' id='word_1_171' title='bbox 1299 2194 1432 2245; x_wconf 86' lang='lat' dir='ltr'>aedis,</span> <span class='ocrx_word' id='word_1_172' title='bbox 1464 2195 1700 2248; x_wconf 76' lang='lat' dir='ltr'>mancipia3</span> 
     </span>
    </p>
   </div>
   <div class='ocr_carea' id='block_1_7' title="bbox 355 2299 620 2303">
    <p class='ocr_par' dir='ltr' id='par_1_8' title="bbox 355 2299 620 2303">
     <span class='ocr_line' id='line_1_29' title="bbox 355 2299 620 2303; baseline 0 0"><span class='ocrx_word' id='word_1_173' title='bbox 355 2299 620 2303; x_wconf 95' lang='lat' dir='ltr'> </span> 
     </span>
    </p>
   </div>
   <div class='ocr_carea' id='block_1_8' title="bbox 355 2374 1839 2760">
    <p class='ocr_par' dir='ltr' id='par_1_9' title="bbox 355 2374 1839 2760">
     <span class='ocr_line' id='line_1_30' title="bbox 468 2374 1834 2420; baseline 0 -10"><span class='ocrx_word' id='word_1_174' title='bbox 468 2377 534 2411; x_wconf 79' lang='lat'>902</span> <span class='ocrx_word' id='word_1_175' title='bbox 558 2375 668 2411; x_wconf 82' lang='lat' dir='ltr'>hodie</span> <span class='ocrx_word' id='word_1_176' title='bbox 693 2375 817 2419; x_wconf 86' lang='lat' dir='ltr'>pondo</span> <span class='ocrx_word' id='word_1_177' title='bbox 930 2377 1021 2420; x_wconf 86' lang='lat' dir='ltr'>caepi</span> <span class='ocrx_word' id='word_1_178' title='bbox 1048 2374 1077 2410; x_wconf 82' lang='grc' dir='ltr'><strong><em>Ο</em></strong></span> <span class='ocrx_word' id='word_1_179' title='bbox 1184 2375 1244 2410; x_wconf 85' lang='lat' dir='ltr'>hic</span> <span class='ocrx_word' id='word_1_180' title='bbox 1269 2385 1333 2410; x_wconf 87' lang='lat' dir='ltr'>om.</span> <span class='ocrx_word' id='word_1_181' title='bbox 1361 2375 1389 2409; x_wconf 79' lang='grc' dir='ltr'><em>Ο</em></span> <span class='ocrx_word' id='word_1_182' title='bbox 1491 2377 1556 2410; x_wconf 88' lang='lat'>904</span> <span class='ocrx_word' id='word_1_183' title='bbox 1582 2375 1767 2420; x_wconf 82' lang='lat' dir='ltr'>praeposui</span> <span class='ocrx_word' id='word_1_184' title='bbox 1789 2375 1834 2420; x_wconf 90' lang='lat' dir='ltr'>B,</span> 
     </span>
     <span class='ocr_line' id='line_1_31' title="bbox 356 2431 1836 2478; baseline 0 -10"><span class='ocrx_word' id='word_1_185' title='bbox 356 2433 530 2478; x_wconf 81' lang='lat' dir='ltr'>proposui</span> <span class='ocrx_word' id='word_1_186' title='bbox 560 2432 589 2467; x_wconf 85' lang='grc' dir='ltr'><em>Ο</em></span> <span class='ocrx_word' id='word_1_187' title='bbox 681 2433 748 2466; x_wconf 89' lang='grc'>906</span> <span class='ocrx_word' id='word_1_188' title='bbox 772 2432 850 2466; x_wconf 86' lang='lat' dir='ltr'>heri</span> <span class='ocrx_word' id='word_1_189' title='bbox 880 2431 908 2467; x_wconf 84' lang='lat' dir='ltr'><strong><em>G</em></strong></span> <span class='ocrx_word' id='word_1_190' title='bbox 1003 2432 1224 2467; x_wconf 80' lang='lat' dir='ltr'>sententiam</span> <span class='ocrx_word' id='word_1_191' title='bbox 1324 2433 1390 2466; x_wconf 81' lang='lat'>908</span> <span class='ocrx_word' id='word_1_192' title='bbox 1415 2432 1496 2475; x_wconf 82' lang='lat' dir='ltr'>quis</span> <span class='ocrx_word' id='word_1_193' title='bbox 1590 2438 1649 2467; x_wconf 77' lang='lat' dir='ltr'>est</span> <span class='ocrx_word' id='word_1_194' title='bbox 1672 2433 1778 2477; x_wconf 87' lang='lat' dir='ltr'>piger</span> <span class='ocrx_word' id='word_1_195' title='bbox 1800 2431 1836 2468; x_wconf 90' lang='lat' dir='ltr'><em>B</em></span> 
     </span>
     <span class='ocr_line' id='line_1_32' title="bbox 355 2488 1837 2534; baseline 0 -10"><span class='ocrx_word' id='word_1_196' title='bbox 355 2492 422 2525; x_wconf 81' lang='lat'>912</span> <span class='ocrx_word' id='word_1_197' title='bbox 445 2489 578 2534; x_wconf 86' lang='lat' dir='ltr'>Reperi</span> <span class='ocrx_word' id='word_1_198' title='bbox 605 2488 640 2523; x_wconf 88' lang='grc' dir='ltr'><em>Β</em></span> <span class='ocrx_word' id='word_1_199' title='bbox 726 2489 815 2522; x_wconf 75' lang='lat' dir='ltr'>siem</span> <span class='ocrx_word' id='word_1_200' title='bbox 841 2488 876 2523; x_wconf 86' lang='lat' dir='ltr'><strong><em>B</em></strong></span> <span class='ocrx_word' id='word_1_201' title='bbox 962 2490 1028 2523; x_wconf 85' lang='lat'>913</span> <span class='ocrx_word' id='word_1_202' title='bbox 1052 2489 1089 2522; x_wconf 89' lang='lat' dir='ltr'>in</span> <span class='ocrx_word' id='word_1_203' title='bbox 1115 2489 1205 2522; x_wconf 85' lang='lat' dir='ltr'>mari</span> <span class='ocrx_word' id='word_1_204' title='bbox 1232 2488 1405 2533; x_wconf 86' lang='lat' dir='ltr'>quicquid</span> <span class='ocrx_word' id='word_1_205' title='bbox 1432 2490 1527 2523; x_wconf 80' lang='lat' dir='ltr'>inest</span> <span class='ocrx_word' id='word_1_206' title='bbox 1551 2488 1713 2534; x_wconf 84' lang='lat' dir='ltr'>Repperi</span> <span class='ocrx_word' id='word_1_207' title='bbox 1738 2490 1837 2534; x_wconf 89' lang='lat' dir='ltr'>quic-</span> 
     </span>
     <span class='ocr_line' id='line_1_33' title="bbox 357 2545 1839 2591; baseline 0 -10"><span class='ocrx_word' id='word_1_208' title='bbox 357 2547 444 2591; x_wconf 87' lang='lat' dir='ltr'>quid</span> <span class='ocrx_word' id='word_1_209' title='bbox 470 2548 566 2580; x_wconf 77' lang='lat' dir='ltr'>inest</span> <span class='ocrx_word' id='word_1_210' title='bbox 589 2557 701 2589; x_wconf 87' lang='lat' dir='ltr'>graue</span> <span class='ocrx_word' id='word_1_211' title='bbox 727 2546 814 2589; x_wconf 87' lang='lat' dir='ltr'>quid</span> <span class='ocrx_word' id='word_1_212' title='bbox 841 2553 859 2580; x_wconf 78' lang='lat' dir='ltr'>e</span> <span class='ocrx_word' id='word_1_213' title='bbox 884 2546 1085 2580; x_wconf 76' lang='lat' dir='ltr'>instaurum</span> <span class='ocrx_word' id='word_1_214' title='bbox 1110 2545 1185 2588; x_wconf 80' lang='lat' dir='ltr'>BG,</span> <span class='ocrx_word' id='word_1_215' title='bbox 1220 2546 1281 2589; x_wconf 76' lang='lat' dir='ltr'>qui</span> <span class='ocrx_word' id='word_1_216' title='bbox 1302 2550 1384 2588; x_wconf 82' lang='lat' dir='ltr'>post</span> <span class='ocrx_word' id='word_1_217' title='bbox 1403 2545 1510 2589; x_wconf 66' lang='lat' dir='ltr'>prius</span> <span class='ocrx_word' id='word_1_218' title='bbox 1534 2545 1710 2590; x_wconf 86' lang='lat' dir='ltr'>quicquid</span> <span class='ocrx_word' id='word_1_219' title='bbox 1735 2547 1839 2582; x_wconf 76' lang='lat' dir='ltr'>addit</span> 
     </span>
     <span class='ocr_line' id='line_1_34' title="bbox 358 2602 1836 2647; baseline 0.001 -10"><span class='ocrx_word' id='word_1_220' title='bbox 358 2604 427 2637; x_wconf 85' lang='lat' dir='ltr'>hic.</span> <span class='ocrx_word' id='word_1_221' title='bbox 544 2604 609 2636; x_wconf 79' lang='lat'>915</span> <span class='ocrx_word' id='word_1_222' title='bbox 635 2602 738 2636; x_wconf 88' lang='lat' dir='ltr'>Nunc</span> <span class='ocrx_word' id='word_1_223' title='bbox 764 2603 854 2637; x_wconf 85' lang='lat' dir='ltr'>haec</span> <span class='ocrx_word' id='word_1_224' title='bbox 970 2603 1074 2647; x_wconf 79' lang='lat' dir='ltr'>pigre</span> <span class='ocrx_word' id='word_1_225' title='bbox 1101 2602 1130 2637; x_wconf 80' lang='grc' dir='ltr'>Ο</span> <span class='ocrx_word' id='word_1_226' title='bbox 1242 2603 1375 2636; x_wconf 81' lang='lat' dir='ltr'>liberes</span> <span class='ocrx_word' id='word_1_227' title='bbox 1402 2602 1606 2646; x_wconf 82' lang='lat' dir='ltr'>expupulos</span> <span class='ocrx_word' id='word_1_228' title='bbox 1631 2602 1676 2643; x_wconf 81' lang='grc' dir='ltr'>Β,</span> <span class='ocrx_word' id='word_1_229' title='bbox 1702 2603 1836 2638; x_wconf 83' lang='lat' dir='ltr'>liberes</span> 
     </span>
     <span class='ocr_line' id='line_1_35' title="bbox 359 2658 1837 2704; baseline 0 -10"><span class='ocrx_word' id='word_1_230' title='bbox 359 2672 401 2694; x_wconf 86' lang='lat' dir='ltr'>ex</span> <span class='ocrx_word' id='word_1_231' title='bbox 426 2659 563 2704; x_wconf 84' lang='lat' dir='ltr'>populo</span> <span class='ocrx_word' id='word_1_232' title='bbox 590 2658 617 2692; x_wconf 80' lang='lat' dir='ltr'><em>O</em></span> <span class='ocrx_word' id='word_1_233' title='bbox 729 2662 874 2702; x_wconf 79' lang='lat' dir='ltr'>praeter</span> <span class='ocrx_word' id='word_1_234' title='bbox 994 2661 1060 2694; x_wconf 87' lang='grc'>916</span> <span class='ocrx_word' id='word_1_235' title='bbox 1084 2659 1212 2694; x_wconf 85' lang='lat' dir='ltr'>faciam</span> <span class='ocrx_word' id='word_1_236' title='bbox 1239 2659 1333 2693; x_wconf 78' lang='lat' dir='ltr'>sicut</span> <span class='ocrx_word' id='word_1_237' title='bbox 1357 2659 1549 2693; x_wconf 83' lang='lat' dir='ltr'>consilium</span> <span class='ocrx_word' id='word_1_238' title='bbox 1579 2658 1606 2693; x_wconf 77' lang='lat' dir='ltr'><strong><em>C</em></strong></span> <span class='ocrx_word' id='word_1_239' title='bbox 1718 2663 1837 2694; x_wconf 72' lang='lat' dir='ltr'>astute</span> 
     </span>
     <span class='ocr_line' id='line_1_36' title="bbox 359 2714 1315 2760; baseline -0.001 -10"><span class='ocrx_word' id='word_1_240' title='bbox 359 2718 425 2756; x_wconf 60' lang='lat'>{918</span> <span class='ocrx_word' id='word_1_241' title='bbox 449 2716 604 2759; x_wconf 80' lang='lat' dir='ltr'>erigitur</span> <span class='ocrx_word' id='word_1_242' title='bbox 629 2714 673 2754; x_wconf 79' lang='grc' dir='ltr'>Β,</span> <span class='ocrx_word' id='word_1_243' title='bbox 700 2715 813 2758; x_wconf 81' lang='lat' dir='ltr'>igitur</span> <span class='ocrx_word' id='word_1_244' title='bbox 841 2715 869 2749; x_wconf 82' lang='lat' dir='ltr'>O</span> <span class='ocrx_word' id='word_1_245' title='bbox 959 2727 1084 2760; x_wconf 80' lang='lat' dir='ltr'>agrum</span> <span class='ocrx_word' id='word_1_246' title='bbox 1112 2715 1258 2750; x_wconf 80' lang='lat' dir='ltr'>adaedes</span> <span class='ocrx_word' id='word_1_247' title='bbox 1286 2714 1315 2750; x_wconf 83' lang='lat' dir='ltr'><strong><em>G</em></strong></span> 
     </span>
    </p>
   </div>
   <div class='ocr_carea' id='block_1_9' title="bbox 1866 0 2009 3218">
    <p class='ocr_par' dir='ltr' id='par_1_10' title="bbox 1866 0 2009 3218">
     <span class='ocr_line' id='line_1_37' title="bbox 1866 0 2009 3218; baseline 0 0"><span class='ocrx_word' id='word_1_248' title='bbox 1866 0 2009 3218; x_wconf 95' lang='lat' dir='ltr'> </span> 
     </span>
    </p>
   </div>
  </div>
 </body>
</html>
