2009 3218
820 194 860 229 v.
887 195 1078 229 sse—sss.
1612 199 1693 238 457

214 327 419 375 παρατιλμῲ
455 324 587 374 puniri
624 323 763 360 solitos
804 336 907 368 esse,
955 323 1057 373 quod
1091 337 1135 360 ex
1168 325 1443 374 Aristophanis
1475 324 1578 361 Plut.
1616 326 1691 362 168

213 394 311 432 male
341 393 540 430 intellecto
570 391 788 429 scholiastae
820 390 1050 432 effecerunt,
1091 391 1152 429 hic
1190 397 1318 429 tamen
1351 393 1464 440 longe
1498 392 1603 430 aliud
1636 406 1693 429 re-

212 461 444 512 quireretur.
507 459 614 497 Leno
646 472 723 497 non
755 459 952 504 adulterii,
984 459 1051 496 sed
1084 459 1265 498 lenocinii
1299 464 1338 498 et
1369 461 1545 498 avaritiae
1577 474 1693 498 causa

211 528 407 568 vexandus
438 532 509 574 est,
542 541 612 565 nec
644 527 833 565 eiusmodi
866 540 1004 576 poena,
1039 540 1124 577 quae
1157 541 1286 565 euram
1319 532 1358 565 et
1389 530 1576 579 temporis
1608 542 1694 578 spa-

210 598 303 636 tium
343 596 535 648 postulet,
583 595 649 632 sed
689 596 832 633 iniuria
870 596 1071 632 subitaria.
1157 594 1296 645 Itaque
1327 593 1518 644 percellit
1555 598 1694 647 scripsi

210 670 253 704 ut
283 666 374 703 806.
449 663 608 702 Toxilus
649 665 748 714 pede
779 667 889 701 nates
922 665 1003 700 eius
1034 663 1224 713 perculit.
1272 663 1318 700 cf.
1352 663 1484 701 Iuven.
1520 668 1554 712 6,
1589 667 1692 703 612:

214 733 341 781 „solea
370 733 526 783 pulsare
553 730 705 769 nates“.
740 752 793 756 —
825 731 917 769 844.
952 731 1188 780 expunctae,
1221 732 1244 767 i.
1272 745 1304 769 e.
1334 731 1471 770 deletae
1504 730 1555 780 (v.
1583 733 1694 771 Cure.

212 803 301 841 585.
333 801 426 839 Cist.
448 798 543 848 186)
562 800 622 837 vel
639 800 749 837 nihili
767 800 905 845 factae,
933 804 976 837 ut
992 801 1031 837 in
1049 799 1210 842 cinaedo,
1240 800 1286 837 cf.
1308 799 1476 837 Martial.
1496 800 1597 847 XIV,
1622 803 1692 839 18:

213 871 331 918 „Alea
361 883 483 920 parva
513 881 632 906 nuces
664 875 702 905 et
733 881 809 906 non
841 869 1031 906 damnosa
1063 867 1235 915 videtur3
1269 868 1380 919 Saepe
1404 872 1533 906 tamen
1562 871 1692 918 pueris

209 938 369 977 abstulit
400 938 467 974 illa
498 936 650 974 nates“.
680 957 727 962 —
757 938 848 975 845.
883 933 952 974 Mi
973 937 1155 985 patrone
1186 937 1338 986 scripsi,
1371 941 1415 973 ut
1443 936 1559 985 Seyff.
1580 937 1692 974 Stud.

209 1020 246 1058 p.
283 1007 330 1044 14
366 1006 558 1053 „Patrone
591 1004 682 1042 mi‘⁴.
716 1025 770 1030 —
800 1001 817 1042 ε’
846 1002 960 1043 intro
992 1005 1051 1042 ed.
1083 1019 1142 1057 pr.
1175 1024 1230 1030 —
1270 1006 1363 1043 846.
1405 1001 1548 1043 Meam
1578 1003 1693 1055 imm-

208 1072 321 1114 m'am
345 1075 472 1112 deleto
493 1072 602 1120 „me“
630 1073 826 1124 Spengel„
861 1087 931 1111 nec
962 1073 1158 1111 ablativus
1189 1086 1312 1111 causae
1344 1075 1439 1110 satis
1471 1073 1694 1111 defenditur

208 1143 291 1181 loco
329 1142 442 1193 Capt.
477 1144 570 1181 802.
606 1161 654 1168 ——
691 1143 783 1180 847.
821 1138 998 1190 Quiane,
1032 1141 1079 1179 cf.
1112 1142 1161 1179 ad
1187 1142 1303 1180 Most.
1334 1143 1452 1180 1113.
1518 1145 1585 1188 „ut
1622 1143 1693 1179 tibi

208 1209 327 1250 bene“
353 1211 397 1249 R.
422 1231 477 1236 -
510 1212 602 1249 848.
635 1207 811 1248 sescenti
842 1208 1013 1257 nummi,
1047 1224 1143 1260 quos
1174 1224 1246 1261 pro
1278 1210 1553 1251 Lemniselena
1585 1227 1694 1251 acce-

206 1284 319 1332 perat
349 1275 402 1329 (v.
437 1277 527 1328 37),
566 1279 634 1316 sed
665 1291 736 1328 pro
774 1277 916 1316 ficticia
955 1281 1111 1329 captiva
1149 1279 1402 1330 dependeret.
1463 1282 1593 1332 ayunt
1631 1283 1692 1321 ed.

206 1361 264 1400 pr.
310 1367 363 1373 —
409 1349 502 1386 850.
556 1344 639 1386 iam
683 1343 867 1396 supplici
911 1350 1064 1398 transp.
1111 1347 1225 1386 Both.
1273 1369 1328 1374 —
1384 1351 1477 1389 851.
1531 1350 1576 1388 In
1622 1351 1693 1388 hoc

206 1429 319 1455 versu
349 1416 623 1455 constituendo
655 1415 913 1454 Schmidtium
944 1421 1099 1454 secutus
1132 1430 1216 1454 sum
1248 1416 1462 1463 Quaestion.
1496 1419 1544 1457 de
1578 1433 1691 1469 pron.

207 1485 306 1524 dem.
338 1485 474 1523 formis
512 1497 550 1534 p.
585 1486 657 1531 26,
704 1485 779 1522 nisi
819 1484 923 1534 quod
963 1484 1029 1522 ille
1071 1484 1206 1531 „med“
1252 1487 1428 1536 scripsit,
1474 1500 1522 1525 ne
1561 1487 1692 1525 hiatus

207 1558 327 1599 esset,
358 1553 524 1591 fortasse
556 1546 673 1590 recte.
748 1552 966 1590 Deleudum
999 1566 1079 1591 esse
1116 1553 1269 1600 „intro“
1304 1559 1348 1592 ut
1380 1570 1401 1593 a
1432 1569 1547 1594 sensu
1577 1569 1690 1607 pror-

206 1634 270 1660 sus
314 1621 501 1669 alienum,
557 1623 676 1659 etiam
715 1621 781 1658 alii
828 1620 1022 1659 viderant.
1077 1641 1128 1646 —
1193 1624 1286 1661 852.
1346 1620 1402 1662 Te
1447 1621 1692 1663 conuenisse

206 1691 449 1740 transposui,
497 1694 536 1728 et
574 1694 747 1728 extrema
784 1689 964 1740 supplevi
1002 1693 1045 1727 ut
1083 1693 1329 1740 septenarius
1361 1692 1493 1741 fieret3
1540 1692 1690 1731 Camer.

209 1756 475 1805 „me1uineris“
511 1758 646 1796 edidit.
723 1758 942 1808 Utrumque
981 1771 1136 1796 versum
1174 1760 1228 1797 sic
1268 1762 1473 1799 constituit
1515 1761 1689 1800 Studem.

206 1827 341 1865 Annal.
380 1827 518 1877 philol.
563 1828 668 1866 1876
707 1840 746 1877 p.
780 1829 852 1865 65:
925 1826 966 1873 „I
1004 1829 1043 1864 in
1083 1841 1249 1866 crucem.
1305 1828 1387 1867 DO.
1426 1831 1487 1867 An
1530 1844 1589 1868 me
1630 1830 1692 1868 hic

206 1908 342 1946 parum
373 1897 584 1934 exercitum
618 1896 722 1933 hisce
753 1892 927 1932 habent?
972 1895 1050 1934 TO.
1085 1895 1321 1935 Conuenisse
1345 1903 1384 1935 te
1411 1898 1591 1937 Toxilum
1614 1913 1691 1937 me-

205 1963 401 2012 mineris“,
431 1969 474 2001 ut
497 1966 548 2001 sit
571 1963 738 2001 dimeter
769 1965 936 2002 creticus
969 1977 1053 2002 cum
1084 1965 1393 2013 penthemimere
1425 1968 1622 2005 trochaico
1654 1972 1693 2005 et

205 2031 530 2082 penthemimeres
570 2032 791 2069 trochaicus
823 2045 908 2069 cum
949 2033 1116 2070 dimetro
1157 2036 1312 2072 cretico.
1345 2055 1399 2060 —
1439 2036 1517 2074 853
1557 2041 1690 2074 utrum

205 2099 340 2138 Toxilo
364 2101 652 2139 continuandus
676 2102 728 2138 sit
755 2115 803 2138 an
827 2103 978 2138 cantori
1004 2101 1165 2148 dandus,
1201 2102 1445 2153 ambigimuS,
1479 2119 1513 2142 v.
1532 2103 1689 2153 Proleg.

204 2181 241 2219 p.
277 2170 366 2208 173.
427 2170 540 2216 Quod
578 2172 618 2208 in
649 2170 761 2208 codd.
796 2168 953 2206 additur
997 2168 1199 2219 „pantio“,
1242 2170 1286 2208 R.
1328 2173 1479 2221 proleg.
1513 2173 1688 2210 Trinum.

203 2249 242 2286 p.
271 2237 383 2274 XXX
421 2239 639 2276 cantionem
679 2239 983 2287 interpretatur,
1029 2239 1075 2276 cf.
1117 2237 1237 2277 Stich.
1280 2241 1381 2287 758,
1428 2244 1473 2278 ut
1517 2241 1690 2278 tibicinis

205 2310 338 2344 cantus
368 2305 540 2345 fabulam
571 2307 758 2345 clausisse
789 2306 1046 2354 significetur.
