2009 3218
129 191 155 233 Ι,
182 193 213 234 5,
239 192 350 226 5—22
800 193 960 228 Rudens.
1540 198 1611 236 101

739 318 994 359 Sacerdos

872 388 1057 441 Saluete‚

236 461 426 504 Puellae.
487 460 571 504 Sed
604 460 717 503 unde
750 476 840 512 uos,

123 535 190 576 Ire
222 534 284 576 sic
314 547 412 576 cum
442 532 577 575 uuida
607 537 728 575 ueste
760 533 915 583 dicam,
949 532 1141 584 obsecro,

234 605 340 647 Tam
373 605 597 647 maestiter
628 605 840 647 nestitae?

726 696 1003 738 Palaestra

122 768 226 810 Ilico
258 768 357 810 hinc
388 770 498 810 imus
530 768 643 810 haud
675 768 849 822 longule
882 782 933 810 ex
963 768 1045 809 hoc
1076 768 1194 820 loco;
1546 780 1612 815 265

122 840 282 884 Uerum
314 841 441 894 longe
472 840 571 883 hinc
602 840 740 891 abest,
773 840 885 882 unde
917 840 1129 883 aduectae
1161 840 1244 882 huc
1276 854 1437 883 sumus.

730 943 993 986 Sacerdos

119 1015 283 1070 Nempe
318 1029 430 1070 equo
462 1016 602 1069 ligneo
637 1030 713 1070 per
744 1016 839 1057 uias
871 1015 1067 1057 caerulas

118 1087 236 1129 Estis
266 1087 452 1130 uectae?

719 1160 996 1202 Palaestra

503 1232 758 1275 Admodum.

725 1327 759 1369 S
774 1341 795 1369 a
809 1327 990 1369 cordos

828 1398 940 1452 Ergo
972 1399 1154 1451 aequius
1184 1412 1263 1441 uos
1295 1402 1391 1441 erat

116 1469 381 1514 Candidatas
411 1471 560 1513 uenire
591 1471 914 1525 hostiatasque3
947 1470 1003 1512 ad
1033 1469 1117 1512 hoc

114 1541 279 1584 Fanum
310 1543 365 1585 ad
396 1543 538 1585 istunc
568 1543 744 1585 modum
774 1557 861 1585 non
897 1543 1031 1584 ueniri
1064 1543 1187 1585 solet.
1539 1555 1606 1589 270

715 1637 996 1679 Palaestra

116 1708 291 1759 Quaene
323 1711 487 1752 eiectae
518 1725 541 1752 e
572 1710 680 1752 mari
714 1710 846 1751 simus
878 1709 1044 1761 ambae,
1077 1709 1271 1762 obsecro,

229 1781 352 1824 Unde
383 1796 462 1825 nos
492 1781 662 1824 hostias
695 1795 823 1836 agere
854 1782 1033 1825 uoluisti
1063 1782 1178 1824 huc?

114 1852 238 1895 Nunc
269 1854 348 1896 tibi
382 1855 686 1909 amplectimur
715 1868 856 1907 genua
887 1858 1062 1908 egentes
1095 1869 1237 1909 opum,

116 1925 235 1976 Quae
266 1927 308 1968 in
338 1927 444 1969 locis
476 1927 634 1968 nesciis
666 1927 815 1968 nescia
846 1940 922 1981 spe
954 1941 1115 1979 sumus,

115 1997 171 2040 Ut
199 2003 275 2040 tuo
306 1999 491 2053 recipias
522 2003 639 2041 tecto
673 2013 907 2054 seruesque
940 2013 1031 2049 uos,
1132 2005 1146 2021 ·
1537 2012 1603 2045 275

115 2069 471 2125 Miseriaruinque
504 2078 546 2113 te
579 2071 803 2112 ambarum
837 2073 897 2113 uti
931 2072 1146 2121 misereat,

118 2140 282 2191 Quibus
314 2157 393 2185 nec
425 2143 562 2185 locust
592 2143 706 2184 ullus
738 2157 816 2184 nec
849 2157 949 2197 spes
983 2148 1149 2196 parata,

115 2212 262 2267 Neque
294 2214 375 2256 hoc
405 2215 602 2269 amplius,
643 2229 772 2268 quam
805 2215 922 2269 quod
946 2215 1082 2266 uides,
1122 2214 1248 2257 nobis
1281 2215 1569 2270 quicquamst.

728 2317 990 2359 Sacerdos

117 2386 270 2430 Manus
300 2388 404 2431 mihi
437 2389 550 2441 date,
583 2390 800 2443 exsurgite
832 2403 858 2431 a
888 2388 1070 2442 genibus
1102 2388 1274 2441 ambae3

226 2548 291 2581 263
317 2548 368 2582 sic
393 2559 458 2583 om.
573 2550 640 2582 264
666 2548 815 2582 aestiter
843 2547 872 2583 Ο
983 2548 1047 2581 265
1073 2551 1137 2582 aut
1162 2547 1312 2592 longule.
1423 2549 1488 2583 266
1515 2549 1601 2584 abes

115 2601 235 2637 bunde
260 2607 376 2639 uectae
401 2616 527 2639 sumus
556 2605 585 2639 C
703 2606 769 2638 267
795 2610 831 2638 et
857 2604 954 2648 quod
980 2603 1026 2646 B,
1052 2603 1098 2638 Et
1125 2616 1198 2648 quo
1226 2604 1263 2647 Ο,
1384 2605 1549 2639 ceruleas
1578 2606 1606 2639 C

116 2659 181 2694 268
203 2661 253 2695 At
275 2661 423 2695 modum
519 2661 644 2705 equius
672 2672 756 2694 suos
782 2661 816 2695 B
912 2664 994 2695 orat
1021 2660 1050 2696 Ο
1135 2662 1198 2695 271
1227 2661 1314 2705 Quae
1340 2673 1421 2696 neae
1447 2662 1492 2704 B,
1519 2673 1600 2706 quae

117 2726 182 2751 nec
210 2716 239 2751 Ο
321 2719 387 2752 273
412 2718 478 2752 tibi
504 2719 575 2753 iam
602 2719 798 2762 plectimur
886 2719 952 2752 276
978 2717 1208 2752 Miseriarum
1234 2729 1316 2762 quae
1405 2719 1472 2753 277
1496 2719 1600 2754 locus

226 2779 356 2818 parata
380 2779 435 2809 est,
527 2776 593 2810 278
619 2778 709 2819 quot
735 2774 864 2809 uidens
959 2774 1132 2819 quiquast.
1237 2776 1302 2810 279
1328 2775 1427 2824 datae
1454 2775 1483 2811 C'
