2009 3218
344 195 424 233 300
1027 188 1145 222 Plauti
1548 185 1612 228 111,
1638 187 1669 228 3,
1695 185 1827 241 24-—37

343 317 504 359 Locum
536 329 710 369 quoque
742 314 864 355 illum
897 327 1066 355 omnem
1098 312 1172 354 ubi
1204 313 1335 354 situst
1366 311 1621 362 comederit3
1763 321 1828 354 755

344 388 480 438 Quem
510 386 656 428 fodere
689 390 846 437 metuo,
877 386 1063 427 sonitum
1096 398 1148 425 ne
1181 383 1252 425 ille
1285 383 1501 433 exaudiat,

341 459 436 500 Neu
469 473 557 500 rem
590 459 730 512 ipsam
762 457 950 510 indaget,
985 457 1128 497 dotem
1162 456 1265 496 dare
1297 457 1332 496 si
1366 455 1557 496 dixerim.

895 557 1275 610 Megaronides

345 633 440 683 Quo
473 635 600 686 pacto
633 644 734 685 ergo
765 631 897 683 igitur
929 630 1038 670 clam
1074 629 1151 670 dos
1185 629 1378 682 depromi
1410 629 1585 683 potest?

952 723 1218 765 Callicles

348 799 456 840 Dum
489 798 659 840 occasio
692 797 731 838 ei
761 798 823 838 rei
855 797 1111 850 reperiatur,
1144 795 1317 836 interim

345 871 408 912 Ab
441 870 578 911 amico
610 868 809 910 alicunde
841 873 1036 910 mutuum
1070 871 1296 920 argentum
1327 879 1506 920 rogem„
1767 875 1834 909 760

898 959 936 1000 M
951 973 972 1000 e
982 973 1006 1012 g
1020 973 1044 999 a
1054 973 1074 999 r
1089 973 1112 999 o
1126 973 1149 998 n
1163 959 1175 998 i
1188 957 1214 998 d
1227 971 1247 998 e
1260 971 1278 998 s

345 1033 472 1075 Potin
503 1037 571 1074 est
601 1032 655 1074 ab
688 1032 826 1073 amico
858 1029 1055 1072 alicunde
1087 1029 1258 1071 exorari
1272 1029 1292 1070 ἱ)

958 1131 1214 1173 Callicles

1360 1187 1519 1229 Potest.

898 1283 1278 1336 Megaronides

345 1359 529 1410 Gerrae3
562 1373 613 1400 ne
645 1363 693 1399 tu
723 1357 832 1399 illud
865 1356 1043 1398 uerbum
1076 1358 1270 1396 actutum
1301 1354 1538 1396 inueneris:

345 1431 450 1472 Mihi
483 1431 657 1484 quidem
688 1429 832 1471 hercle
864 1442 949 1469 non
981 1432 1046 1469 esi]
1077 1427 1192 1481 quod
1226 1427 1320 1468 dem
1355 1430 1565 1467 mutuum.

347 1501 512 1556 [Malim
545 1502 688 1544 hercle
720 1506 768 1543 ut
799 1515 948 1543 uerum
981 1500 1100 1540 dicas
1133 1512 1260 1553 quam
1294 1502 1342 1539 ut
1374 1497 1448 1540 des
1480 1495 1708 1550 mutuum]

347 1574 431 1616 Sed
462 1574 561 1616 uide
594 1574 823 1616 consilium
855 1573 890 1614 si
921 1572 1077 1626 placet.
1641 1576 1648 1583 '

954 1661 985 1704 C
997 1662 1045 1704 al
1059 1662 1071 1702 l
1085 1663 1130 1703 ic
1146 1662 1193 1703 le
1207 1676 1225 1703 s
1839 1720 1842 1724 .

1149 1732 1263 1784 Quid
1294 1733 1450 1775 consili
1482 1731 1575 1774 est?
1769 1741 1836 1776 765

899 1825 1280 1880 Megaronides

352 1900 528 1951 Scitum,
560 1904 608 1942 ut
637 1912 715 1952 ego
747 1899 914 1952 opinor,
947 1897 1174 1940 consilium
1204 1896 1362 1938 inueni.

961 1999 1223 2041 Callicles

1422 2053 1534 2104 Quid
1566 2054 1663 2095 est?

821 2140 823 2143 .
897 2150 1279 2205 Megaronides

352 2227 489 2268 Homo
522 2226 790 2268 conducatur
822 2225 978 2278 aliquis
1009 2224 1096 2265 iam
1127 2226 1338 2277 quantum
1371 2224 1529 2275 potest.

353 2298 504 2352 [Quasi
536 2299 593 2340 sit
624 2298 889 2352 peregrinus.

963 2385 1217 2428 Callicles
1320 2428 1323 2431 ,

948 2458 1057 2510 Quid
1090 2458 1124 2499 is
1157 2458 1238 2499 scit
1268 2457 1409 2497 facere
1442 2452 1642 2508 postea?]

461 2598 525 2629 755
551 2596 699 2628 situmst
724 2595 754 2627 A
827 2596 892 2628 757
919 2597 1034 2638 ipsam
1059 2605 1135 2628 rem
1163 2592 1194 2628 0
1261 2590 1405 2624 indacet
1478 2591 1544 2623 758
1572 2590 1596 2622 B
1621 2589 1780 2632 proeftyit
1805 2587 1838 2622 B

465 2663 552 2695 ergo
578 2651 691 2686 om.A
762 2653 860 2684 7591&
884 2649 1039 2694 proef.B
1109 2650 1161 2683 roi
1187 2659 1251 2684 om.
1322 2648 1389 2681 760
1414 2652 1580 2680 mutuum
1607 2643 1756 2679 0112.Bc¹

352 2721 461 2754 roges
569 2711 630 2742 761
663 2709 688 2741 B
717 2713 748 2741 ct
772 2707 804 2750 ᾔ
842 2707 877 2741 B
971 2708 1037 2741 764
1062 2717 1168 2750 quani
1198 2705 1296 2738 uide-s
1322 2703 1389 2738 BC
1480 2703 1618 2736 uintaui
1647 2702 1674 2735 G
1774 2701 1840 2734 767

350 2769 421 2801 iam
448 2766 576 2810 aliquis
602 2765 635 2798 A
704 2776 708 2780 “
730 2766 795 2797 760·
824 2764 906 2797 ise-it,
932 2764 963 2796 A
