2009 3218
339 203 418 242 130
1013 195 1133 230 Plauti
1530 193 1598 238 III,
1622 196 1654 237 4,
1681 195 1810 247 19-731

971 320 1179 364 Labrax

1188 392 1293 434 Mihi
1324 405 1421 434 cum
1451 392 1613 434 uostris
1643 390 1812 444 legibus

334 465 450 507 Nihil
482 469 549 507 est
571 466 807 516 conmerci;
839 465 1040 519 equidem
1063 466 1147 506 iam
1172 465 1280 506 istas
1304 463 1453 505 ambas
1476 463 1657 505 educam
1680 461 1810 515 foras.

333 538 396 578 Tu
426 551 555 579 senex
587 537 621 578 si
652 538 758 578 istas
790 551 922 587 amas,
952 536 1036 578 huc
1067 536 1189 578 arido
1221 539 1443 588 argentost
1473 549 1594 589 opus.
1747 545 1814 580 ’716

929 649 974 692 D
984 663 1008 692 a
1018 663 1038 691 e
1047 664 1087 691 m
1097 663 1119 691 ο
1128 664 1157 691 n
1167 663 1188 691 e
1197 662 1218 689 s

333 721 377 763 Si
408 725 552 770 autem
584 721 741 764 Ueneri
773 722 1141 776 conplacuerunt‘?

971 823 1008 865 L
1019 837 1042 865 a
1055 823 1076 863 b
1085 838 1107 864 r
1117 837 1140 864 α
1149 838 1177 865 x
1767 867 1776 873 ,

1140 894 1322 944 Habeat,
1355 894 1391 936 si
1421 897 1646 947 argentum
1678 893 1813 936 dabit.

924 1008 1220 1050 Daemones

332 1082 417 1122 Det
447 1081 526 1123 tibi
559 1082 814 1134 argentum?
858 1080 980 1122 Nunc
1011 1081 1120 1122 adeo
1152 1094 1288 1122 meam
1321 1085 1369 1121 ut
1400 1080 1512 1121 scias
1543 1079 1815 1130 sententiam,

333 1154 531 1207 Occipito
563 1152 691 1195 modo
723 1153 808 1194 illis
841 1152 1009 1193 adferre
1041 1153 1125 1193 uim
1157 1152 1299 1193 ioculo
1332 1151 1638 1205 pauxillulum3
1743 1139 1747 1141 ”

329 1225 396 1266 Ita
427 1225 526 1266 hinc
558 1239 636 1278 ego
668 1233 866 1266 ornatum
898 1230 940 1264 te
972 1224 1189 1274 amittam,
1229 1229 1276 1265 tu
1315 1223 1434 1277 ipsus
1472 1226 1515 1264 te
1546 1228 1594 1264 ut
1624 1236 1708 1264 non
1739 1237 1814 1264 no-

1277 1295 1406 1336 ueris.
1748 1305 1816 1339 720

332 1367 419 1409 Uos
451 1367 573 1415 adeo,
606 1368 679 1409 ubi
713 1381 789 1421 ego
821 1368 1000 1410 innuero
1032 1367 1171 1418 uobis,
1203 1367 1246 1408 ni
1278 1368 1317 1408 ei
1348 1370 1480 1420 caput
1505 1366 1814 1417 exoculassitis,

333 1439 466 1489 Quasi
497 1440 636 1481 iuncis
669 1444 860 1482 murteta
891 1441 994 1482 item
1026 1453 1103 1493 ego
1134 1453 1212 1481 uos
1243 1439 1379 1492 uirgis
1411 1439 1772 1480 circumuinciam.

970 1553 1009 1594 L
1019 1566 1044 1595 a
1053 1552 1074 1593 b
1085 1567 1108 1594 r
1117 1567 1142 1594 a
1151 1566 1181 1593 ατ

340 1625 393 1668 Ui
423 1626 515 1679 agis
548 1639 725 1668 mecum.

939 1719 976 1760 Τ
981 1733 1003 1760 r
1013 1733 1036 1761 α
1046 1732 1067 1761 c
1076 1719 1102 1761 h
1111 1733 1135 1760 α
1145 1720 1217 1760 lio

818 1791 961 1834 Etiam
992 1792 1079 1833 uim
1111 1792 1365 1845 oppmbras,
1396 1790 1533 1844 flagiti
1563 1789 1819 1844 flagrantia?

979 1904 1184 1947 Labrasr

343 1978 435 2019 Tun
468 1976 700 2018 trifurcifer
731 1977 834 2018 mihi
865 1977 999 2018 audes
1031 1977 1313 2019 inclementer
1344 1977 1516 2019 dicere?

943 2091 1218 2133 Trachalio

347 2164 515 2207 Fateor.
542 2177 620 2216 ego
646 2163 878 2205 trifurcifer
903 2177 1010 2212 sum,
1035 2168 1083 2204 tu
1112 2177 1158 2204 es
1183 2163 1310 2204 homo
1335 2163 1528 2216 adprime
1552 2161 1733 2216 probus;
1757 2170 1824 2206 '725

345 2235 454 2276 Num
489 2235 561 2288 qui
595 2235 733 2276 minus
765 2234 894 2276 hasce
926 2248 1020 2276 esse
1053 2239 1226 2288 oportet
1256 2234 1442 2277 liberas?

980 2336 1188 2379 Labrax
1901 2383 1907 2387 .

1477 2407 1603 2459 Quid,
1633 2407 1794 2449 liberas
1803 2405 1824 2447 ‘?
1891 2440 1907 2454 ,ψ

460 2546 526 2579 715
550 2544 649 2579 Nihil
676 2548 731 2578 est
755 2545 884 2579 lacuna
957 2545 1170 2579 commercli
1195 2544 1240 2587 B,
1267 2543 1467 2578 commerdi
1491 2544 1521 2579 G
1584 2544 1674 2578 istas
1697 2543 1771 2577 iam
1791 2541 1826 2577 Β

348 2603 415 2636 716
442 2601 602 2635 Amalias
625 2600 653 2635 G
718 2602 784 2633 717
810 2601 874 2635 11ae
902 2600 967 2635 BC
1042 2603 1108 2635 718
1133 2601 1189 2635 Do
1214 2600 1283 2636 BG
1349 2605 1389 2635 ut
1413 2601 1507 2635 scias
1533 2611 1647 2634 meam
1665 2599 1693 2634 C
1759 2600 1825 2634 '719
1884 2605 1885 2609 ’

350 2658 486 2692 atferre
613 2658 848 2701 pausillulum
969 2660 1036 2692 720
1060 2662 1096 2692 te
1123 2664 1292 2693 ornatum
1320 2662 1356 2692 te
1476 2659 1539 2691 721
1567 2658 1694 2691 inuero
1720 2655 1824 2690 uobis

351 2717 427 2749 sine
454 2715 484 2747 vi
595 2715 661 2747 722
687 2717 844 2748 muris-tn
873 2714 987 2747 iuncis
1105 2716 1239 2749 circum
1266 2715 1423 2749 uinclum
1541 2715 1607 2748 723
1631 2715 1826 2758 proportaa
1887 2744 1906 2768 ,ἱ

350 2773 416 2805 725
442 2775 478 2805 at
503 2772 619 2815 prime
647 2770 675 2804 C
698 2775 702 2781 “
778 2772 844 2804 ’726
867 2770 971 2805 Nunc
998 2773 1059 2815 qui
1084 2771 1153 2806 BC
1254 2772 1317 2805 has
1342 2771 1377 2804 A
1486 2773 1635 2814 oportet
1661 2781 1739 2804 esse
1762 2766 1828 2804 BG
