2009 3218
411 220 462 260 62
1087 215 1207 251 Plauti
1572 216 1632 254 IV.
1658 219 1688 261 4,
1718 219 1888 252 112—121

1017 341 1283 384 Dordalus

641 412 753 462 Quid
785 413 826 454 id
860 418 928 455 est
958 414 1086 466 ergo?
1118 413 1318 467 eloquere
1350 419 1543 455 actutum
1575 420 1706 467 atque
1737 414 1891 456 indica.

1005 515 1304 569 Sayaristio

409 588 500 630 Tuo
534 587 692 642 periclo
725 587 948 641 sexaginta
977 587 1085 629 haec
1116 588 1244 629 datur
1275 587 1442 640 argenti
1476 587 1615 628 minis.

1024 689 1288 731 Dordalus

410 762 572 812 Toxile,
605 761 709 815 quid
740 761 848 814 ago?

1040 844 1262 885 Toxilus

911 917 964 957 Di
997 915 1189 969 deaeque
1220 921 1262 956 te
1294 916 1461 968 agitant
1492 917 1606 967 irati,
1639 916 1793 967 scelus

413 989 493 1038 Qui
525 989 636 1030 hanc
666 1002 751 1029 non
783 1002 987 1042 properes
1019 987 1249 1028 destinare.
1565 999 1569 1002 “

1019 1089 1062 1131 Ι)
1075 1090 1290 1130 ordelas

1191 1161 1371 1203 Habeto.

1047 1254 1110 1294 To
1121 1253 1234 1294 xilu
1244 1266 1265 1293 3

1359 1323 1437 1374 Eu,
1469 1323 1716 1377 praedatu's
1748 1323 1893 1378 probe.

412 1399 504 1440 Non
538 1397 691 1452 edepol
723 1397 848 1438 minis
879 1397 1085 1438 trecentis
1117 1410 1218 1438 cara
1250 1400 1328 1438 est.
1390 1395 1547 1438 Fecisti
1579 1395 1698 1437 lucri.
1830 1406 1897 1440 665

1006 1498 1306 1551 Sayaristio

414 1573 528 1614 Heus
558 1576 618 1622 tu,
647 1572 777 1613 etiam
811 1585 887 1625 pro
920 1571 1190 1613 uestimentis
1221 1571 1306 1612 huc
1333 1571 1480 1612 decem
1508 1569 1716 1612 accedent
1743 1569 1895 1611 minae.

1021 1684 1291 1726 Dordalus

414 1758 660 1800 Abscedent
691 1758 816 1808 enim,
846 1771 931 1799 non
963 1756 1182 1798 accedent.

1047 1870 1264 1912 Toxilus

1155 1943 1279 1993 Tace,
1311 1941 1390 1993 sis;
1421 1954 1505 1982 non
1537 1944 1585 1981 tu
1616 1939 1736 1981 illum
1768 1939 1893 1980 uides

415 2015 629 2065 Quaerere
661 2028 823 2066 ansam,
855 2013 1060 2056 infectum
1093 2018 1142 2055 ut
1171 2014 1335 2056 faciat?
1381 2012 1489 2054 Abin
1516 2016 1647 2066 atque
1671 2015 1896 2065 argentum

1355 2085 1494 2139 petis?

1019 2169 1292 2211 Dordalus

414 2243 531 2284 Heus
564 2248 620 2292 tu,
653 2256 781 2283 serua
812 2243 954 2283 istum.

1048 2336 1264 2376 Toxilus

875 2408 985 2458 Quin
1016 2412 1061 2449 tu
1093 2408 1130 2449 is
1162 2408 1307 2449 intro?

1019 2513 1292 2554 Dordalus

1159 2585 1277 2626 Abeo
1310 2589 1441 2636 atque
1473 2589 1699 2637 argentum
1732 2584 1894 2627 adfero.

527 2734 593 2767 663
620 2736 657 2766 et
681 2732 799 2766 scelus
892 2732 958 2764 664
984 2731 1050 2765 hac
1077 2732 1104 2765 (ῥ’
1190 2731 1334 2765 habebo
1363 2730 1392 2765 O
1474 2730 1591 2774 probe
1616 2730 1675 2764 abi
1701 2733 1895 2774 argentum

415 2790 504 2825 effer
529 2791 600 2825 huc
694 2789 760 2829 666
785 2787 854 2821 huc
880 2798 944 2822 om.
970 2787 1004 2820 B
1097 2788 1276 2823 accedant
1300 2786 1336 2821 B
1427 2787 1494 2821 668
1519 2798 1630 2831 quere
1657 2786 1687 2822 Ο
1769 2787 1896 2822 abisue
