2009 3218
728 197 767 230 v.
794 199 981 232 257—284.
1522 201 1572 239 53
1586 200 1609 239 3

119 325 400 373 „vetustissimi
428 354 436 362 .
456 353 491 362 ..
525 324 658 362 anclor
696 337 766 373 pro
809 323 962 363 anclo“.
1037 325 1112 363 Sed
1142 325 1310 364 Nonius:
1362 326 1611 373 „exanclauit

114 390 287 431 merum“
321 393 463 430 omisso
493 392 630 438 ..sub⁴⁴‚
662 392 766 441 quod
790 393 821 428 si
852 406 986 430 verum
1021 399 1143 440 esset,
1189 393 1387 441 ,‚nocrem“
1425 401 1493 431 aut.
1524 407 1610 441 „ce-

114 457 228 499 nam“
261 461 372 509 sequi
404 460 585 497 debebat.
647 459 748 497 Edd.
773 473 851 497 uno
876 460 995 499 verbo
1017 460 1307 508 „submerum‘ss
1337 463 1403 500 sed
1431 462 1607 499 deminu-

116 526 204 566 endi
234 527 342 565 nulla
376 541 495 565 causa
526 529 691 577 cogitari
723 532 876 578 potest3
922 542 1056 566 servus
1090 543 1136 566 ex
1168 530 1263 567 cado
1299 544 1443 566 merum
1481 532 1610 567 vinum

113 595 282 634 furatur.
342 596 480 646 Itaque
511 591 594 634 Sibi
624 597 775 645 scripsi.

227 665 319 701 274.
366 663 539 702 Titulum
573 677 619 700 ex
650 665 684 701 A
715 663 818 700 dedi.
881 663 1081 701 Pinacium
1121 678 1260 701 servus
1301 678 1322 700 a
1354 669 1469 714 portu
1504 666 1611 701 venit

113 732 200 770 laeto
231 734 387 777 nuntio,
421 745 535 782 quem
566 733 654 779 fert,
684 732 824 782 plenus
858 735 897 768 et
929 732 1174 782 superbiens.
1237 732 1437 769 Canticum
1471 731 1607 768 iambi-

114 813 210 845 cum,
238 801 444 837 maximam
460 804 616 850 partem
634 800 848 838 octonariis
871 802 1076 850 scriptum,
1103 799 1169 836 sed
1195 800 1394 837 interdum
1419 799 1610 837 similibus

112 869 283 907 numeris
322 869 601 918 interruptum.
678 870 757 907 274
798 870 987 907 iambicus
1029 868 1268 906 octonarius.
1347 868 1424 904 275
1473 868 1610 905 similis

113 936 371 986 hypermeter.
448 937 639 974 276—77
686 938 875 976 trochaici
921 937 1126 975 octonarii.
1212 936 1404 973 278—80
1451 936 1609 972 iambici

33 1018 54 1050 ,¹
113 1005 301 1043 octonarii
334 1004 410 1042 duo
442 1017 528 1041 cum
554 1008 790 1053 septenario.
841 1007 918 1043 281
954 1004 1071 1043 iamb.
1091 1005 1332 1042 octonarius.
1381 1004 1459 1040 282
1493 1003 1608 1041 iamb.

114 1071 291 1109 dimeter.
354 1073 546 1110 283—92
580 1073 737 1110 iambici
769 1075 962 1111 octonarii
997 1086 1081 1110 cum
1115 1073 1342 1122 septenario
1369 1067 1419 1119 (si
1453 1071 1609 1121 quidem

114 1153 196 1178 cum
228 1140 476 1178 antecedenti
507 1139 791 1190 coniungitur).
848 1143 926 1180 293
959 1141 1185 1179 trochaicus
1212 1141 1472 1189 septenarius.
1529 1140 1609 1177 294

112 1209 221 1246 —99
253 1209 411 1245 iambici
440 1210 644 1247 octonarii.
708 1211 787 1247 300
820 1210 938 1247 iamb.
972 1211 1164 1247 senarius,
1235 1209 1312 1246 301
1354 1208 1470 1244 iamb.
1504 1212 1610 1245 octo-

111 1278 255 1315 narius.
318 1277 397 1314 302
429 1278 650 1314 trochaicus
681 1279 922 1316 octonarius,
986 1278 1149 1315 303—8
1185 1277 1342 1313 iambici
1375 1277 1582 1312 octonarii.

225 1346 319 1382 274.
366 1344 551 1382 Divinum
582 1358 745 1395 prorsus
775 1346 963 1395 gaudium
998 1358 1134 1384 servus
1168 1358 1208 1382 se
1235 1344 1376 1382 afferre
1403 1344 1509 1390 dicit,
1541 1356 1613 1380 nec

111 1411 196 1451 Iovi
246 1413 324 1462 ipsi
369 1413 608 1450 Mercurium
662 1413 853 1451 laetiorem
905 1427 1093 1464 umquam
1140 1418 1373 1462 apportasse
1418 1412 1611 1448 nuntium.

41 1510 48 1515 .
102 1476 358 1530 perhibetur,
391 1480 546 1528 dicitur,
580 1495 615 1519 v.
649 1481 698 1519 ad
729 1482 834 1519 Men.
868 1483 960 1519 260.
993 1502 1047 1506 —
1081 1490 1207 1530 aeque
1238 1489 1374 1530 quam,
1415 1480 1461 1516 cf.
1494 1479 1610 1530 Epid.

111 1549 203 1588 308.
249 1549 334 1587 Mil.
367 1550 461 1588 467.
522 1549 658 1587 Livius
689 1551 845 1600 saepius.
876 1569 931 1574 -
964 1552 1042 1587 275
1079 1554 1123 1586 ut
1156 1549 1357 1596 legitimus
1389 1549 1611 1586 octonarius

109 1615 196 1665 fiat,
237 1617 283 1656 R.
315 1621 488 1668 transp.:
539 1631 671 1666 „meae
710 1617 901 1655 nuntiabo
939 1615 1070 1654 erae“.
1146 1617 1453 1667 Hypermetrum
1489 1629 1609 1664 agno-

109 1689 252 1724 verunt
290 1686 504 1724 Hermann.
545 1690 583 1723 et
614 1686 823 1735 Kiessling.
855 1685 944 1722 Ind.
977 1685 1200 1735 Gryphisw.
1237 1685 1342 1722 1878
1375 1697 1415 1733 p.
1452 1685 1521 1728 11,
1567 1686 1612 1720 ut

109 1754 209 1792 infra
247 1755 347 1803 291,
394 1768 429 1792 v.
463 1754 617 1803 Proleg.
650 1768 687 1804 p.
725 1755 827 1801 1863
874 1754 942 1791 sed
983 1754 1043 1791 illi
1082 1757 1254 1802 transp.:
1307 1765 1422 1799 „erae
1453 1749 1610 1797 meae“;

113 1834 185 1872 ego
215 1823 393 1860 codicum
435 1824 671 1872 scripturam
706 1823 850 1871 reliqui
882 1835 968 1859 cum
998 1822 1109 1859 hiatu
1139 1825 1231 1871 post
1262 1830 1398 1870 quam.
1432 1839 1483 1844 —
1516 1819 1611 1856 276.

109 1885 267 1940 Itaque,
298 1904 334 1928 v.
369 1891 417 1928 ad
440 1891 549 1928 Pers.
571 1891 664 1928 480.
696 1910 751 1916 -—
783 1886 980 1937 lubentia,
1013 1890 1060 1927 cf.
1095 1889 1143 1927 ad
1166 1890 1275 1926 Asin.
1303 1889 1396 1926 266.
1432 1907 1478 1912 -
1517 1888 1610 1924 278.

111 1957 169 1996 Cf.
201 1958 284 1996 Mil.
327 1960 407 1997 657
448 1972 506 2009 sq.
558 1979 605 1984 —
657 1959 750 1996 279.
800 1955 1032 2008 „Ripisque
1083 1958 1273 2006 superat,
1321 1957 1433 2005 quasi
1471 1954 1614 1992 fluvius

113 2024 337 2065 exundans“
372 2026 522 2076 Lamb.‚
556 2028 624 2077 qui
657 2024 814 2076 „ripas“
848 2022 987 2073 voluit,
1030 2039 1147 2076 quem
1181 2039 1311 2063 casum
1344 2023 1506 2061 verbum
1537 2022 1612 2060 sibi

115 2093 327 2144 adiungere
358 2096 470 2134 solet.
541 2095 598 2133 Cf.
632 2095 682 2132 ad
712 2094 856 2144 Amph.
891 2096 984 2132 702.
1017 2113 1072 2119 —
1114 2095 1207 2132 280.
1254 2089 1444 2141 Propera
1476 2092 1526 2137 A,
1567 2093 1614 2128 ut

110 2163 189 2200 iam
234 2163 451 2207 Acidalius,
498 2176 575 2212 quo
622 2168 785 2200 auctore
830 2163 876 2200 R.
917 2164 1034 2200 etiam
1082 2162 1184 2200 hunc
1228 2174 1388 2199 versum
1431 2160 1611 2210 proximo

109 2233 357 2281 postposuit,
402 2232 468 2269 vix
497 2235 615 2269 recte.
690 2231 735 2268 V.
771 2232 847 2268 281
893 2232 1007 2280 quasi
1049 2243 1121 2280 per
1157 2229 1414 2279 parenthesin
1451 2229 1613 2266 additur

110 2311 182 2336 nec
211 2299 378 2348 impedit
408 2302 619 2349 quominus
650 2300 885 2349 iungantur:
931 2295 1107 2336 honesta
1139 2295 1247 2336 dicta
1286 2292 1412 2343 factis
1444 2305 1613 2345 eraeque

112 2363 247 2415 eyentz'
274 2362 464 2405 subuerti.
504 2387 560 2392 ——
599 2368 691 2405 282.
740 2364 879 2416 eqenti
918 2369 956 2403 in
988 2366 1023 2403 A
1053 2365 1175 2403 fuisse
1214 2365 1384 2402 videtur.
1447 2364 1541 2410 Quae
1572 2366 1612 2402 in

113 2433 223 2472 codd.
257 2435 424 2486 dimetro
455 2435 667 2482 adduntur,
700 2438 834 2484 aperte
866 2434 965 2471 falsa
997 2437 1109 2480 sunt,
1142 2433 1189 2471 cf.
1225 2434 1317 2471 303.
1394 2428 1612 2469 Ritschelio

55 2506 61 2513 '
114 2501 220 2540 aliud
250 2501 539 2540 hemistichium
569 2502 769 2552 pepulisse
799 2501 1057 2549 videbantur,
1097 2501 1223 2538 velut:
1268 2500 1510 2547 „benefactis
1545 2499 1611 2536 ad-

112 2569 195 2607 iuta
225 2583 307 2607 eam
339 2568 457 2608 tuis“.
497 2590 551 2596 —
593 2571 687 2608 283.
734 2567 781 2607 in
811 2565 1120 2618 exspectatione
1150 2571 1196 2607 A.
1259 2566 1501 2614 aduentum,
1549 2567 1612 2605 ob-

113 2637 257 2675 iectum
287 2639 510 2676 accusativo
542 2651 634 2676 casu
665 2637 843 2675 additum
874 2637 1122 2675 substantivo
1152 2637 1327 2683 verbali,
1367 2650 1403 2672 v.
1437 2635 1486 2672 ad
1516 2635 1608 2673 Aul.

68 2758 73 2764 ¹
117 2705 208 2743 194.
253 2705 396 2755 Amph.
423 2708 517 2744 515.
565 2706 697 2744 Dousa
724 2703 968 2752 „aduentus“
999 2718 1072 2743 em.
1104 2725 1160 2731 —
1194 2706 1286 2742 284.
1324 2702 1477 2752 ,‚amat''⁴
1500 2704 1611 2740 omisi

113 2784 199 2810 oum
231 2773 402 2823 Bergkio
432 2773 620 2811 Zeitschr.
654 2774 680 2810 f.
713 2773 792 2810 Alt.
830 2773 934 2810 1855
966 2786 1005 2823 p.
1041 2773 1133 2810 290.
1194 2772 1264 2811 R.:
1314 2773 1469 2819 „uirum
1510 2774 1614 2808 amat
