2009 3218
620 198 840 243 Didascalia,
866 201 1107 244 Argumenta.
1517 207 1597 244 519

110 342 180 381 per
209 332 330 366 totam
363 327 544 365 fabulam.
579 347 632 352 —
675 329 722 365 10
764 328 858 377 quid
900 331 1148 375 continuerit,
1190 334 1308 380 atque
1348 333 1464 368 etiam
1505 345 1594 369 num

112 398 265 437 omnino
296 396 438 433 litteris
470 396 690 445 perscripta
721 395 858 443 fuerit,
897 398 1115 445 ignoratur.
1177 398 1434 446 Ritschelius,
1475 404 1517 437 ut
1558 401 1596 436 in

110 464 348 504 Terentianis
379 463 602 501 didascaliis
633 462 706 500 hoc
737 463 820 502 loco
844 465 1028 503 numerus
1053 465 1194 504 fabulae
1228 466 1423 504 indicatur
1450 463 1598 516 („facta

110 537 170 572 est
197 533 341 582 prima,
381 531 569 577 secunda,
610 528 770 580 cett.“),
817 532 872 569 ita
912 532 974 569 hic
1015 546 1169 582 quoqne
1210 535 1398 583 scriptum
1429 537 1597 584 putavit,

110 603 227 652 quota
257 613 303 637 ex
333 597 526 637 Plautinis
558 599 701 637 fabulis
733 599 890 638 Stichus
921 604 1034 638 esset.
1063 621 1116 625 —
1146 603 1207 638 ll.
1249 597 1292 640 C.
1326 598 1514 651 Sulpicio
1551 600 1594 642 C.

107 664 277 708 Aurelio
307 676 409 714 cos„
457 681 545 705 anu.
579 669 658 705 200
692 675 725 704 a.
760 667 849 706 Chr.
882 682 940 715 n.;
987 668 1055 706 sed
1098 670 1133 706 iu
1173 672 1410 718 praenomine
1451 672 1595 722 prioris

108 735 273 776 consulis
303 739 477 773 erratum
507 735 674 783 videtur,
706 749 793 773 nam
825 735 866 774 P.
894 736 1091 787 Sulpicius
1123 742 1182 774 est
1208 737 1292 774 Liv.
1310 737 1453 785 XXXI,
1483 741 1519 787 4,
1547 741 1592 777 4:

111 804 176 854 ,,Ρ.
203 803 396 854 Sulpicius
426 802 562 850 Galba,
595 803 636 841 C.
661 803 844 841 Aurelius
868 802 1023 850 Cotta“,
1057 805 1229 854 itemque
1261 819 1291 842 c.
1322 807 1356 850 5,
1385 807 1420 844 2.
1469 806 1591 853 XLII,

110 873 172 920 34,
205 875 241 910 5.
287 870 385 920 Nep.
418 871 587 910 Hannib.
623 874 659 918 7,
697 874 730 910 1.

642 1110 985 1156 Argumentum
1011 1111 1049 1148 1.

103 1213 359 1253 acrostichon.
451 1214 488 1251 2.
535 1210 639 1251 Tam
676 1226 762 1250 cum
799 1213 1006 1261 Seyffertio
1046 1213 1157 1251 Stud.
1199 1214 1326 1252 Plaut.
1359 1228 1396 1264 p.
1434 1215 1482 1252 14
1522 1229 1594 1265 pro

107 1280 285 1331 „tameff‘
319 1282 491 1332 positum
523 1282 652 1329 credo,
686 1296 722 1320 v.
747 1281 796 1319 ad
824 1281 962 1320 Bacch.
991 1283 1110 1328 1196,
1144 1296 1232 1319 nam
1263 1284 1295 1320 si
1330 1281 1588 1333 „tantopere“

103 1350 280 1401 explices,
306 1351 420 1387 nimis
444 1350 619 1387 abundat
634 1346 714 1388 Ita.
732 1369 787 1374 —
808 1351 842 1387 7.
875 1346 1002 1388 ludus
1028 1348 1163 1398 (latur,
1188 1365 1226 1388 v.
1247 1351 1295 1387 ad
1311 1351 1450 1388 Bacch.
1474 1352 1592 1390 1079.

630 1499 973 1541 Argumentum
1004 1498 1064 1536 ΙΙ.

102 1599 224 1638 Huius
267 1614 412 1651 paucas
456 1601 643 1650 reliquias
689 1599 982 1638 Studemundus
1031 1601 1078 1638 de
1117 1603 1213 1638 actae
1253 1600 1374 1638 Stichi
1416 1605 1593 1652 tempore

102 1681 139 1719 p.
171 1670 220 1706 25
254 1670 355 1706 eruit
385 1682 432 1706 ex
463 1668 549 1707 cod.
575 1669 622 1714 A,
654 1669 721 1706 ubi
751 1671 951 1718 posterior
982 1681 1135 1715 manus,
1168 1668 1314 1716 eadem,
1346 1673 1391 1707 ut
1421 1669 1591 1717 videtur,

103 1749 186 1786 quae
223 1737 410 1774 Pseudoli
449 1740 721 1785 argumentum
761 1737 797 1774 H
837 1738 1012 1788 scripsit,
1056 1736 1186 1774 deleta
1227 1738 1359 1786 priore
1399 1739 1593 1788 scriptura

61 1791 64 1794 ⁴
102 1803 182 1843 haec
211 1806 399 1852 exaravit,
432 1818 519 1855 quae
550 1817 650 1842 nova
680 1805 800 1842 litura
831 1806 972 1842 iterum
1005 1804 1140 1842 cedere
1172 1807 1312 1853 coegit.

213 2031 543 2070 Personarum
581 2034 782 2070 nomina
825 2034 864 2070 in
903 2032 975 2070 hac
1019 2033 1153 2070 fabula
1191 2032 1475 2070 dubitationem
1519 2033 1590 2070 ali·

103 2111 216 2150 quam
245 2105 461 2138 moverunt.
529 2100 629 2138 Nam
668 2101 708 2137 in
747 2101 863 2138 titulo
902 2102 1038 2150 primae
1069 2113 1191 2139 sccnae
1223 2114 1375 2139 sorores
1406 2102 1446 2138 in
1479 2101 1591 2140 codd.

101 2166 168 2205 BD
197 2167 414 2217 Panegyris
451 2172 491 2206 et
523 2168 725 2206 Pinacium
757 2168 961 2216 dicuntur,
1013 2170 1052 2205 in
1083 2169 1118 2206 A
1150 2168 1378 2220 Philumena
1414 2173 1453 2207 et
1482 2169 1594 2207 Pam-

102 2235 226 2285 phila,
266 2250 352 2286 quae
382 2238 550 2274 nomina.
569 2236 805 2274 Ritschelius
837 2236 917 2273 illis
949 2236 1227 2274 substituebat.
1303 2237 1381 2276 Sed
1411 2238 1493 2276 haec
1523 2251 1591 2275 no—

103 2304 206 2342 mina
234 2305 342 2343 nullo
373 2305 450 2343 alio
482 2306 568 2343 loco
600 2306 796 2354 leguntur,
830 2301 1109 2355 Paneyyrz'dis
1139 2318 1280 2342 nomen
1313 2310 1351 2343 et
1375 2309 1593 2345 ceterorum

103 2371 276 2410 codicum
305 2374 531 2411 testimonio
571 2373 800 2410 defenditur
841 2377 879 2410 et
916 2374 1041 2423 ipsius
1071 2372 1318 2411 Ambrosiani
1355 2378 1435 2412 tam
1475 2375 1515 2412 in
1545 2376 1593 2412 ti-

102 2440 185 2478 tulo
220 2454 258 2479 v.
292 2442 370 2478 326
403 2442 616 2491 praeposito
656 2454 773 2491 quam
817 2441 857 2478 in
901 2442 987 2491 ipso
1034 2445 1221 2478 contextu
1261 2441 1392 2480 Plauti
1431 2444 1510 2481 249
1558 2447 1596 2480 et

105 2506 196 2546 332.
268 2509 349 2546 Nec
381 2522 523 2546 nomen
553 2510 732 2557 ignotum
765 2514 843 2556 est,
885 2510 918 2546 si
949 2509 1106 2558 quidem
1144 2510 1183 2546 in
1224 2511 1350 2548 titulis
1390 2510 1594 2550 navalibus

103 2574 244 2614 Atticis
287 2578 461 2615 triremis
513 2578 567 2615 sic
620 2577 818 2627 appellata
870 2577 1082 2614 invenitur.
1181 2577 1327 2616 Contra
1374 2574 1595 2617 Pinacium

104 2642 262 2682 alterius
300 2645 446 2683 sororis
487 2658 630 2683 nomen
676 2657 758 2682 esse
803 2657 880 2682 non
923 2648 1077 2695 potest3
1122 2646 1178 2683 sic
1222 2647 1324 2684 enim
1366 2647 1594 2684 nominatur

103 2722 202 2761 puer
232 2725 268 2750 v.
303 2713 403 2759 280,
446 2714 547 2760 284,
592 2714 691 2759 288,
740 2714 841 2759 331,
883 2714 982 2760 333,
1031 2714 1130 2760 335,
1171 2717 1217 2751 ut
1254 2713 1301 2751 de
1343 2727 1388 2752 eo
1420 2714 1595 2751 dubitari

104 2790 181 2816 non
223 2781 370 2829 possit,
419 2794 506 2818 nam
553 2781 657 2830 quod
703 2781 901 2818 interdum
940 2794 1062 2831 prave
1105 2780 1358 2828 „Dinacium“
1394 2782 1591 2828 scribitur,
1624 2807 1628 2811 -
