2009 3218
834 213 875 248 v.
905 214 1091 248 139—1'78.
1629 218 1709 258 425

227 341 406 381 Editorcs
450 341 607 392 quidem
653 340 963 379 Lemniselenam
1011 344 1125 380 simul
1173 345 1295 381 exisse
1341 346 1539 390 statuunt,
1596 344 1708 394 cique

225 410 344 451 verba
378 408 523 457 „Miser
554 413 611 447 cst
643 411 709 459 qui
741 408 870 448 amut“
906 424 940 448 v.
979 412 1067 457 180,
1100 412 1299 460 tribuunt,
1333 414 1424 463 quia
1454 412 1709 463 sequentibus

228 478 369 527 „Certo
401 475 517 515 cett.“
560 477 645 516 cod.
679 477 708 515 B
751 476 808 525 (et
840 479 906 528 qui
939 491 1026 515 eum
1058 481 1238 528 sequitur
1268 478 1319 528 D)
1356 479 1456 528 „So“
1491 482 1708 530 praemittit.

224 546 298 586 Sed
323 559 438 596 quum
471 547 590 584 ceteri
621 559 874 596 personarum
907 545 1053 583 iudices
1085 547 1225 595 absint,
1258 551 1341 586 veri
1373 548 1498 587 simile
1526 553 1585 586 est
1605 546 1704 596 „So“

222 628 294 667 pro
328 612 444 661 „sed“
479 615 665 664 scriptum
709 628 814 662 esse,
862 614 966 664 quod
1005 614 1082 652 loci
1120 617 1222 654 ratio
1260 616 1524 664 commendat,
1571 631 1706 668 quam-

221 695 335 733 quam
366 682 438 720 hoc
469 681 602 721 addito
634 686 799 720 metrum
827 683 1016 729 violatur3
1049 696 1185 721 verum
1206 685 1323 722 etiam
1350 685 1550 734 proximus
1573 699 1708 724 versus

220 752 284 789 vix
313 750 384 788 hoc
415 751 571 788 nomine
603 751 795 801 appellari
826 754 977 801 potest,
1024 765 1094 789 nec
1132 756 1219 790 tota
1258 755 1456 791 sententia
1486 754 1584 791 satis
1615 758 1708 804 apta

223 823 299 866 est;
329 818 423 856 mihi
455 822 620 869 uterque
652 833 788 857 versus
819 820 975 869 spurius
1005 819 1174 857 videtur.

331 886 532 925 Canticum
565 889 810 937 anapaesticis
851 888 931 926 fere
970 888 1142 926 numeris
1173 889 1363 938 scriptum
1396 892 1468 926 est.
1533 890 1609 928 169
1641 903 1703 928 oc-

218 952 406 1002 tonarius,
453 956 527 992 170
561 959 598 992 et
635 956 706 992 171
744 957 893 1002 incerti,
938 957 1126 994 172-73
1160 956 1384 1007 septenarii,
1421 958 1609 996 174-75
1644 972 1706 997 oc-

217 1023 372 1069 tonarii,
408 1024 597 1061 176—79
631 1024 799 1072 dimetri,
837 1025 1026 1062 182-83
1054 1024 1241 1062 trochaici
1272 1026 1463 1062 octonarii
1476 1022 1547 1075 (9)

333 1092 422 1130 169.
456 1087 571 1130 Salis·
601 1093 715 1129 etiam
741 1093 786 1139 A,
820 1092 898 1131 vid.
927 1091 1052 1143 Gepp.
1085 1092 1194 1130 stud.
1222 1092 1258 1129 II
1279 1107 1317 1143 p.
1342 1093 1406 1131 83.
1467 1093 1704 1134 Ritschelius

217 1160 397 1199 Bothium
430 1165 585 1198 secutus
620 1158 820 1208 ‚‚Satius“,
853 1174 993 1211 parum
1026 1164 1137 1211 apte;
1177 1160 1249 1198 hoc
1281 1162 1383 1198 enim
1415 1161 1529 1199 dicit:
1573 1162 1613 1201 Si
1645 1164 1703 1200 in-

217 1229 338 1268 doctae
369 1232 408 1266 et.
438 1229 652 1266 immemori
684 1230 829 1266 totiens
861 1228 1040 1276 dixisses,
1074 1229 1170 1266 satis
1209 1228 1304 1275 fuit3
1350 1229 1444 1266 mihi
1482 1234 1560 1267 tam
1600 1244 1703 1282 saepe

215 1297 469 1348 repetendum
499 1311 575 1335 non
608 1301 678 1334 est.
756 1297 937 1334 Mutandi
969 1310 1107 1344 causa,
1155 1296 1288 1343 cred0,
1335 1296 1412 1335 fuit
1449 1298 1580 1337 hiatus
1610 1304 1703 1350 post

215 1362 414 1413 indoctae,
446 1367 555 1403 cuius
585 1365 735 1404 vitandi
767 1366 895 1415 gratia
926 1366 1058 1415 potius
1093 1363 1267 1412 „fuerat“
1302 1367 1538 1416 scripserim.
1607 1367 1704 1406 Post

214 1431 428 1472 inmemore'
466 1433 595 1471 hiatus
633 1435 672 1471 in
711 1447 869 1472 caesura.
912 1453 963 1458 —
1007 1434 1098 1471 170.
1138 1428 1285 1481 barda,
1325 1435 1349 1471 i.
1382 1447 1414 1472 e.
1446 1435 1624 1485 stupida,
1662 1452 1699 1476 v.

213 1501 312 1540 Non.
337 1515 375 1552 p.
406 1503 466 1550 10,
501 1503 567 1552 qui
598 1501 699 1539 hunc
731 1515 884 1540 versum
917 1500 1032 1539 affert
1065 1501 1244 1549 „tandem
1278 1501 1482 1551 equidem“
1514 1505 1698 1553 scribens,

215 1574 252 1608 et
281 1584 367 1608 ann.
401 1570 450 1608 ad
482 1569 619 1608 Bacch.
658 1571 775 1608 1085.
809 1590 863 1594 -
901 1566 1058 1608 rustica
1090 1575 1133 1608 ut
1173 1570 1350 1608 ultimam
1384 1573 1582 1622 corripiat,
1615 1573 1700 1612 fieri

213 1640 278 1678 vix
314 1642 462 1689 potest;
509 1638 623 1676 Both.
659 1637 780 1689 „pro“
822 1639 974 1687 omisit,
1022 1651 1099 1688 quo
1145 1638 1246 1676 facto
1296 1638 1492 1686 „rustica“
1534 1642 1698 1690 primam

213 1708 408 1758 corripiet.
468 1707 553 1757 Ego
585 1707 696 1746 olim:
749 1721 846 1758 „pro
884 1708 1031 1745 rustica
1068 1706 1241 1744 habitam
1283 1720 1371 1744 reor
1412 1707 1480 1746 abs
1511 1710 1589 1748 te“.
1624 1710 1697 1758 R.

213 1776 375 1825 exempli
414 1789 531 1814 causa
573 1774 762 1824 „blenna“
807 1775 1031 1822 substituit,
1077 1775 1227 1814 Usener
1268 1775 1369 1812 Mus.
1411 1775 1534 1814 Rhen.
1565 1777 1698 1816 XXIII

212 1856 249 1894 p.
283 1845 360 1882 559
398 1842 562 1891 ,‚rulla“‚
595 1844 640 1882 cf.
675 1845 724 1882 ad
755 1844 872 1882 Most..
905 1846 969 1882 40.
1005 1864 1057 1869 —
1099 1844 1190 1881 171.
1230 1842 1272 1882 at
1300 1845 1346 1881 A.
1379 1842 1577 1884 mandata
1605 1846 1697 1884 ulti-

212 1925 311 1950 mam
342 1912 573 1962 produxisse
604 1916 735 1951 censet
761 1912 990 1962 Spengelius
1014 1911 1339 1950 Reformvorschl.
1366 1926 1402 1962 p.
1425 1913 1502 1950 326
1534 1918 1698 1964 propter

211 1992 394 2019 caesuram
427 1982 630 2019 octonarii.
705 1980 798 2018 Fuit
835 1994 953 2030 quum
994 1981 1087 2018 mihi
1127 1980 1320 2031 placeret:
1373 1984 1439 2028 „at
1478 1995 1556 2019 non
1587 1985 1697 2021 sueui

210 2048 393 2087 mandata
423 2049 537 2087 simul
569 2049 700 2087 bibere
730 2046 849 2086 una“.
911 2049 955 2087 R.
982 2051 1123 2087 omisso
1152 2046 1240 2096 ‚‚at“
1269 2048 1342 2097 ed.,
1380 2049 1589 2096 „mandata
1619 2051 1697 2090 hau

210 2115 432 2155 consueui“.
467 2137 514 2142 —
554 2119 643 2156 172.
678 2113 753 2155 tibi
784 2122 818 2154 et
852 2112 1059 2155 censebam
1092 2118 1136 2155 A.
1168 2135 1222 2142 -
1258 2118 1348 2155 173.
1382 2117 1463 2155 Nec
1498 2132 1608 2166 „cum
1639 2121 1694 2158 in-

209 2182 346 2223 terim“
386 2190 431 2222 ut
469 2185 528 2223 ed.
568 2199 628 2236 pr.
672 2199 742 2223 nec
794 2199 903 2234 „cum
944 2186 1098 2223 interea
1139 2183 1238 2222 iam“
1289 2188 1333 2222 ut
1371 2184 1519 2223 Camer.
1561 2201 1694 2225 verum

209 2265 290 2292 esse
326 2258 456 2304 potest
495 2254 555 2292 vel
595 2259 760 2305 propter
798 2255 1068 2303 repetitionem
1108 2265 1244 2290 versus
1287 2253 1376 2290 175.
1453 2254 1595 2293 Sensus
1625 2269 1694 2306 po-

208 2321 339 2366 stulat,
371 2321 476 2372 quod
506 2323 713 2373 proposuit
740 2321 935 2368 Gertzius,
968 2331 1046 2371 quo
1078 2317 1121 2358 in
1156 2321 1346 2369 tempore.
1379 2341 1434 2346 —
1468 2323 1558 2361 174.
1595 2319 1694 2362 Ouis

208 2388 384 2439 Seyffert.
415 2389 555 2428 Philol.
588 2389 697 2427 XXV
736 2403 774 2440 p.
809 2390 902 2427 443.
943 2410 997 2414 —
1040 2391 1130 2427 175.
1181 2384 1311 2438 Quom
1341 2385 1528 2439 interim,
1569 2405 1603 2430 v.
1645 2393 1694 2430 ad

208 2457 311 2495 Men.
353 2458 446 2496 435.
490 2477 536 2484 —
584 2455 684 2506 sans
722 2458 842 2507 atquc>
878 2454 1043 2505 infans,
1084 2460 1124 2494 et
1162 2450 1296 2495 adulta
1334 2461 1372 2495 et
1409 2459 1599 2508 puellula.
1643 2480 1691 2486 —

207 2523 390 2564 nondum
430 2524 575 2574 etiam,
622 2526 668 2564 cf.
708 2526 795 2564 Ter.
829 2525 949 2563 Andr.
985 2526 1061 2563 201
1104 2525 1174 2573 al.,
1220 2538 1323 2573 „non
1361 2524 1505 2564 etiam“
1551 2527 1691 2566 Pseud.

210 2593 301 2643 281,
334 2593 463 2641 „haud
494 2592 635 2632 etiam“
665 2594 768 2632 infra
793 2595 885 2631 232.
922 2595 1013 2641 549,
1050 2592 1171 2641 „nihil
1197 2592 1322 2631 adhuc
1348 2591 1491 2632 etiam“
1520 2596 1612 2634 627.
1645 2615 1691 2621 —

214 2663 397 2700 176-81
431 2662 607 2700 dimetria
638 2662 816 2700 discribit
846 2662 891 2699 A.
924 2681 977 2686 —
1021 2662 1110 2699 178.
1149 2658 1198 2700 id
1226 2661 1323 2700 tuus
1352 2662 1481 2701 scatet
1510 2661 1688 2710 animus,

209 2741 254 2767 ea
281 2743 324 2768 re
356 2725 525 2780 (amore)
557 2743 659 2768 nunc
689 2731 840 2768 animus
871 2734 963 2768 tuus
994 2729 1132 2780 plenus
1165 2732 1235 2768 est.
1294 2730 1501 2769 Ablativus
1533 2744 1689 2782 exspec-

208 2796 365 2835 tabatur
394 2802 437 2836 ut
466 2798 555 2836 Aul.
590 2799 689 2845 550;
728 2798 797 2835 sed
828 2797 962 2835 eadem
991 2798 1030 2835 vi
1059 2798 1219 2847 ponitur
1250 2800 1493 2837 accusativus
1524 2800 1562 2836 in
1593 2813 1687 2849 pro-
