2009 3218
167 144 268 186 11,.7,
293 142 404 177 6—23
432 170 434 172 ,
780 141 1036 177 Truculentus.
1571 147 1651 186 377

167 269 302 311 Purus
326 266 406 309 sibi
434 280 525 310 esse
555 266 648 308 uolt
673 266 815 315 aedis;
849 266 963 307 domi
988 267 1198 320 quidquid
1219 267 1348 309 habet
1373 268 1544 310 uehitur
1569 264 1651 314 ἔξω.

169 338 347 390 Quando
386 338 581 393 equidem
622 339 744 392 ipsus
784 338 1001 392 perditum
1035 352 1076 379 se
1108 340 1160 381 it.
1202 345 1367 381 secreto
1400 340 1542 382 hercle
1576 354 1653 393 ego

1113 410 1234 451 illum
1269 411 1490 453 adiutabo.

167 483 313 537 Neque
340 495 432 523 mea
459 481 632 535 quidem
657 494 790 535 opera
814 494 1016 535 umquam
1037 480 1132 522 -hilo
1161 483 1301 524 minus
1328 497 1508 536 propere
1527 497 1654 536 quam

1115 558 1259 606 potest
1292 554 1463 608 peribit.
1590 566 1656 600 555

167 626 254 669 Iam
287 625 339 667 de
373 625 452 666 hoc
485 630 699 679 opsonatu
734 624 786 666 de
821 625 935 665 mina
967 624 1270 666 una·deminui
1306 625 1430 667 modo

168 697 365 751 Quinque
400 710 615 747 nummos;
650 696 751 737 mihi
785 696 951 738 detraxi
985 700 1152 750 partem
1186 695 1511 739 Hereulaneam.

169 769 274 811 Nam
292 769 372 810 hoc
391 768 587 810 adsimile
615 772 681 810 est
706 768 827 822 quasi
854 767 905 808 de
931 767 1064 809 fluuio
1090 769 1163 822 qui
1188 782 1343 822 aquam
1364 769 1534 812 deriuat
1552 770 1656 823 sibi;

169 841 258 883 Nisi
291 842 527 886 deriuetur.
561 845 704 881 tamen
739 840 874 881 omnis
906 853 1031 893 aeque
1063 853 1177 894 aqua
1208 840 1338 882 abeat
1370 841 1411 882 in
1444 855 1575 883 mare.

169 913 275 955 Nam
303 913 385 954 hoc
410 913 451 954 in
480 926 596 953 mare
621 912 714 953 abit
737 912 978 966 misereque
997 912 1109 967 perit
1127 913 1217 953 sine
1237 912 1350 954 bona
1368 914 1481 954 omni
1498 915 1654 967 gratia.

281 985 396 1026 Haec
428 997 555 1038 quom
589 984 716 1025 uideo
749 984 854 1030 fieri.
886 982 1086 1032 suffuror,
1118 984 1301 1038 subpilo,
1591 998 1654 1030 561

280 1056 339 1098 De
372 1056 534 1110 praeda.
566 1056 771 1110 praedam
806 1056 942 1109 capio.

279 1127 549 1170 Meretricem
583 1141 660 1181 ego
692 1128 794 1169 item
827 1142 919 1169 esse
941 1134 1060 1178 reor,
1090 1142 1208 1169 mare
1241 1133 1291 1170 ut
1322 1133 1399 1171 est.

280 1199 404 1249 Quod
437 1199 512 1241 des
545 1199 728 1241 deuorat
757 1212 830 1240 nec
863 1200 970 1241 datis
1002 1213 1203 1254 umquam
1237 1199 1442 1242 abundat.

280 1270 391 1325 [Hoc
423 1271 577 1313 saltem
608 1276 757 1313 seruat
791 1284 958 1313 mecum
988 1270 1015 1323 †
1046 1271 1109 1313 illi
1143 1272 1319 1314 subeste
1351 1271 1551 1327 adparet]
1593 1285 1658 1318 565

170 1343 253 1385 Des
300 1343 600 1398 quantumuis,
657 1357 866 1397 nusquam
916 1343 1097 1397 adparet
1143 1357 1282 1398 neque
1329 1344 1472 1386 datori
1506 1360 1658 1400 -neque

1114 1416 1360 1470 acceptrici.

170 1486 296 1529 Uelut
327 1487 434 1528 haec
467 1488 668 1529 meretrix
705 1501 839 1529 meum
874 1501 993 1528 erum
1027 1487 1225 1528 miserum
1254 1502 1332 1529 sua
1356 1487 1571 1530 blanditia
1595 1490 1657 1530 in·

1115 1559 1215 1601 tulit
1245 1560 1287 1601 in
1321 1561 1583 1614 pauperiem,

282 1630 479 1672 Priuauit
511 1631 649 1682 bouis,
682 1631 789 1681 luce,
823 1631 985 1672 honore
1018 1636 1147 1684 atque
1180 1632 1341 1674 amicis.

169 1702 302 1752 Anat,
327 1716 468 1744 eccam
496 1702 621 1744 adest
647 1704 908 1757 propinque3
941 1703 1069 1744 credo
1097 1702 1273 1745 audisse
1299 1703 1406 1745 haec
1432 1718 1497 1745 me
1522 1703 1654 1758 loqui.

171 1773 335 1815 Pallida
361 1780 440 1822 est,
466 1782 511 1816 ut
532 1775 701 1828 peperit
719 1788 910 1828 puerum.
959 1774 1193 1828 Adloquar,
1219 1776 1343 1828 quasi
1361 1776 1561 1818 nesciam.
1591 1787 1657 1821 570

171 1844 300 1887 Iubeo
333 1860 411 1888 uos
445 1846 624 1888 saluere.

732 1971 1091 2013 Phronesium

700 2042 859 2085 Noster
891 2048 997 2085 esto.
1060 2042 1171 2093 Quid
1205 2043 1324 2096 agis?
1356 2049 1403 2086 ut
1434 2045 1586 2088 uales'?

280 2247 346 2279 553
371 2246 493 2281 uoltas
520 2246 574 2280 dis
669 2246 821 2280 neititur
915 2257 983 2280 exo
1009 2245 1054 2289 B,
1081 2257 1171 2280 exeo
1200 2246 1229 2282 Ο
1316 2248 1382 2281 554
1406 2247 1552 2292 quidem

167 2302 215 2336 sit
238 2300 283 2341 B,
308 2301 349 2336 fit
376 2302 407 2338 C
484 2302 608 2338 hercle
636 2302 805 2347 equidem
830 2303 935 2337 illum
1019 2302 1065 2337 ad
1091 2302 1216 2338 uitabo
1244 2302 1272 2338 C
1352 2305 1417 2338 555
1444 2304 1547 2339 nihili
1575 2315 1653 2339 om-

167 2357 274 2393 nibus
345 2359 411 2394 556
435 2358 528 2394 Nam
553 2359 626 2393 iam
653 2359 698 2394 de
723 2359 792 2393 hoc
815 2359 971 2393 obsonio
1043 2360 1107 2394 559
1133 2359 1314 2403 diriuetur
1330 2359 1360 2396 Ο
1425 2372 1468 2395 ea
1493 2372 1565 2405 qua

167 2415 256 2449 mari
362 2417 428 2450 560
453 2416 545 2450 abiit
651 2416 773 2450 omnia
798 2417 954 2457 gratiam
1060 2417 1123 2450 561
1152 2417 1183 2450 si
1208 2415 1287 2450 fieri
1392 2428 1455 2452 sus
1480 2417 1583 2452 furor
1608 2416 1654 2460 B,

167 2482 226 2505 sus
251 2471 371 2506 fun-or
398 2472 426 2507 C'
527 2473 707 2518 sopplicio
734 2472 778 2515 B,
805 2472 995 2517 Supplieio
1024 2472 1052 2508 0
1153 2473 1218 2508 562
1242 2473 1296 2508 De
1321 2473 1482 2518 praedam
1588 2475 1654 2508 563

167 2538 244 2562 esse
268 2538 332 2563 om.
358 2527 394 2563 Β
476 2530 543 2564 564
568 2529 754 2564 deu->ratis
845 2529 1037 2563 habundat
1063 2529 1091 2563 C
1175 2530 1241 2565 566
1268 2530 1389 2564 dotari
1417 2529 1444 2564 C
1526 2541 1654 2575 accep-

167 2583 256 2619 triee
350 2586 415 2619 567
441 2585 530 2622 haec
556 2596 621 2622 om.
650 2586 679 2621 Ο
763 2586 829 2620 568
855 2585 1024 2620 Priuabit
1115 2586 1232 2622 bones
1256 2585 1303 2627 B,
1330 2587 1447 2621 bonas
1474 2586 1504 2622 Ο
1588 2588 1655 2622 569

168 2651 265 2675 ecam
361 2653 420 2676 cre
448 2641 476 2677 C
567 2643 751 2677 audiuisse
846 2644 908 2676 571
937 2642 1081 2676 saluar-e
1109 2641 1138 2678 G
1226 2648 1352 2677 noster
1376 2647 1461 2686 geta
1485 2643 1574 2688 quid
