2009 3218
355 154 435 193 386
1030 149 1148 183 Plauti
1553 147 1623 191 111,
1647 149 1679 191 2,
1703 148 1839 182 21—30

936 273 1252 328 Astaphium

354 347 478 397 Perii,
511 346 736 389 rabonem!
770 359 898 399 quam
932 360 1026 387 esse
1058 345 1198 387 dicam
1229 345 1341 386 hanc
1371 345 1576 386 beluam?

357 417 466 467 Quin
499 423 547 459 tu
578 418 837 459 arrabonem
869 418 1007 460 dicis?

948 534 1252 588 Stratyllax

1062 607 1097 647 A
1127 605 1239 647 facio
1269 605 1390 653 lucri.,
1776 616 1844 650 680

358 679 415 721 Ut
445 678 737 721 Praenestinis
769 692 904 720 eonea
933 682 1002 720 est
1031 679 1212 720 ciconia.

936 796 971 837 A
984 810 1004 837 s
1016 801 1034 836 t
1044 810 1070 837 a
1079 810 1106 849 p
1117 796 1144 836 h
1155 796 1206 836 iu
1219 809 1261 836 m

358 867 559 922 Sequere,
592 868 786 910 obsecro.

949 969 1256 1023 Stratyllax

847 1041 1098 1083 Strabacem
1131 1041 1201 1082 hic
1232 1041 1434 1094 opperiar
1464 1040 1603 1091 modo,

361 1113 404 1155 Si
436 1128 536 1155 rure
569 1115 728 1155 ueniat.
1113 1110 1116 1112 ’

945 1208 1265 1262 Astaphium

794 1282 836 1322 Is
867 1281 1043 1335 quidem
1073 1280 1144 1321 hic
1176 1279 1291 1333 apud
1320 1293 1400 1321 nos
1432 1283 1510 1320 est.
1572 1277 1759 1320 Strabax

360 1355 490 1396 Modo
521 1369 620 1396 rure
651 1355 784 1395 uenit.

949 1454 1262 1509 Stratyllax

853 1528 978 1569 Prius
1006 1542 1060 1569 ne
1093 1542 1221 1582 quam
1254 1527 1309 1568 ad
1339 1529 1519 1567 matrem
1552 1524 1704 1566 suam?

366 1602 431 1643 Eu
464 1601 617 1655 edepol
647 1600 863 1642 hominem
894 1600 1036 1641 nihili!

952 1716 1269 1770 Astaphium

1101 1789 1249 1830 Iamne
1281 1792 1427 1830 autem
1456 1791 1506 1829 ut
1536 1785 1681 1828 soles?
1787 1794 1853 1830 685
1924 1814 1925 1817 =

953 1892 980 1933 S
991 1896 1010 1934 t
1020 1907 1042 1933 r
1052 1896 1105 1933 at
1115 1907 1141 1945 y
1151 1892 1166 1933 1
1176 1891 1190 1932 l
1201 1906 1262 1932 ax

374 1966 509 2018 Quian
540 1965 668 2007 nihili
698 1965 794 2007 dico
803 1965 823 2005 ἶ)

954 2067 1274 2120 Astaphium

872 2139 890 2180 I
920 2140 1036 2181 intro
1069 2138 1245 2188 amabo;
1279 2137 1382 2179 cedo
1414 2150 1599 2178 manum.

963 2256 1268 2310 Stratyllax

372 2330 497 2371 Tene.
559 2330 605 2371 In
638 2331 863 2372 tabernam
896 2329 1029 2371 ducor
1060 2328 1369 2376 deuorsoriam‚

372 2401 453 2443 Ubi
486 2403 597 2443 male
629 2404 819 2456 accipiar
849 2416 945 2444 mea
977 2402 1081 2443 mihi
1113 2401 1311 2455 pecunia.

485 2564 551 2596 679
578 2562 659 2595 Pori
790 2562 936 2596 nelbam
1080 2561 1148 2594 680
1172 2559 1371 2593 ambonem
1397 2557 1531 2591 dicista
1554 2555 1653 2589 sacto
1790 2553 1858 2588 682
1883 2535 1887 2538 Ι

375 2624 581 2654 strauacem
700 2620 846 2662 operiar
937 2619 1002 2651 683
1029 2616 1151 2651 Sernri
1263 2615 1421 2650 uenietis
1447 2612 1596 2658 quidem
1620 2610 1657 2646 Β
1761 2609 1858 2654 apud

375 2688 443 2711 uos
468 2679 525 2711 est
550 2677 607 2710 hic
679 2679 828 2718 strapax
856 2676 884 2709 ο
958 2676 1023 2709 685
1049 2674 1165 2708 nihilli
1194 2673 1239 2713 B,
1264 2671 1355 2706 nihil
1381 2671 1411 2705 0
1477 2681 1572 2705 anne
1641 2669 1709 2703 686
1731 2667 1857 2702 Iamne
1901 2660 1909 2667 “
1966 2645 1972 2697 ἶ

376 2734 464 2768 nihil
537 2733 648 2767 lintro
718 2734 783 2766 687
810 2732 920 2766 dulor
1018 2733 1084 2765 638
1109 2742 1189 2765 mea
1215 2741 1294 2763 mea
1318 2728 1408 2762 mihi
1433 2727 1588 2772 pecunia
1613 2726 1797 2760 diuiarcus
1820 2720 1857 2757 Β
1911 2758 1914 2762 ,
1968 2718 1972 2744 ⁴.
