2009 3218
176 254 220 296 11,
246 256 276 296 2,
301 256 435 289 46—53
862 256 981 291 Persa.
1607 263 1658 301 :35

770 382 838 423 Pa
849 395 941 435 eyn
952 383 1054 423 ium

170 450 282 493 Male
313 466 487 507 operam
521 453 647 495 locas.

709 547 1111 599 Sophoclidisca

511 641 620 692 Qui?

765 736 1050 791 Paegnium

518 811 628 860 Quia
659 811 769 852 enim
801 809 908 851 nihil
941 824 1074 861 amas,
1108 825 1236 865 quom
1270 812 1485 864 ingratum
1517 827 1651 855 amas.

706 904 1108 955 Sophoclidisca

162 978 359 1032 Temperi
375 977 487 1019 hanc
504 976 684 1030 uigilare
702 981 874 1030 oportet
897 976 1128 1019 formulam
1153 982 1284 1033 atque
1309 980 1558 1031 aetatulam,
1585 993 1653 1027 230

162 1050 234 1098 Ne,
269 1049 340 1091 ubi
372 1049 673 1102 uorsicapillus
703 1047 794 1097 fias,
825 1048 949 1091 foede
981 1063 1150 1104 semper
1182 1052 1362 1093 seruias.

161 1121 223 1162 Tu
257 1121 429 1176 quidem
460 1121 575 1163 haud
609 1121 739 1162 etiam
774 1122 998 1174 octoginta
1029 1136 1073 1163 es
1106 1121 1263 1176 pondo.

760 1216 827 1257 Pa
839 1230 858 1257 e
865 1230 892 1269 9
903 1229 928 1256 n
940 1217 992 1257 iu
1001 1230 1039 1257 m

1299 1291 1356 1333 At
1386 1290 1648 1336 confidentia

159 1361 239 1402 Illa
271 1361 423 1403 militia
455 1361 668 1402 militatur
698 1360 834 1402 multo
864 1362 1000 1414 magis
1033 1376 1162 1415 quam
1194 1363 1398 1416 pondere.

158 1433 298 1486 Atque
330 1447 408 1487 ego
439 1433 551 1475 hanc
583 1447 758 1487 operam
790 1434 938 1488 perdo.

700 1528 1101 1580 Sophoclidisca

912 1600 1025 1651 Quid
1056 1601 1169 1643 iam?

755 1694 1037 1747 Paeynium

1088 1767 1197 1818 Quia
1227 1770 1393 1824 peritae
1425 1771 1642 1824 praedico,

157 1838 239 1881 Sed
271 1852 350 1892 ego
382 1851 516 1881 cesso.

697 1922 1096 1975 Sophoclidisca

485 1993 624 2036 Mane.

751 2089 883 2144 Paey
896 2092 1034 2132 nium

586 2160 773 2202 Molesta
804 2175 862 2203 es.

690 2255 1087 2308 Sophoclidisca

830 2328 941 2382 Ergo
973 2342 1040 2370 ero
1072 2344 1261 2385 quoque,
1292 2332 1377 2373 nisi
1411 2333 1513 2385 scio,
1571 2344 1637 2379 235

151 2395 242 2446 Quo
273 2410 376 2451 agas
408 2402 462 2439 te.

753 2481 1031 2537 Paeym'um

380 2552 445 2594 Ad
476 2566 567 2596 uos.

262 2722 326 2756 229
352 2723 499 2765 ingrata
589 2725 649 2758 231
679 2723 728 2757 ibi
753 2723 790 2758 B
877 2726 1030 2770 capillus
1057 2728 1244 2772 uosipellis
1270 2727 1316 2770 B,
1347 2702 1490 2774 ωδρι’]Ιιιει
1518 2732 1630 2765 uersi-

149 2775 253 2811 bellis
283 2777 312 2812 C
411 2780 478 2814 232
503 2790 538 2813 es
567 2781 758 2824 octoginta
858 2783 927 2817 234
952 2782 1048 2818 hanc
1073 2795 1168 2819 nunc
1267 2786 1362 2829 perit
1387 2792 1406 2821 e
1433 2786 1462 2821 0
1568 2790 1633 2821 235

148 2832 320 2867 moleste·
346 2832 381 2868 B
464 2845 525 2869 ero
551 2846 614 2869 om.
