2009 3218
162 153 209 192 ΙΙ.
233 156 266 195 ’1,
291 153 426 189 63—64
778 153 1032 189 Truculentus.
1563 158 1636 196 331

789 277 1009 332 Cyamus

153 350 297 404 Tange
325 349 463 400 modo,
495 350 578 390 iam
612 361 689 401 ego
721 348 790 391 hio
821 363 976 402 agnum
1014 354 1049 390 te
1080 351 1230 392 faciani
1265 356 1305 392 et
1340 351 1523 392 medium
1559 351 1643 391 ‹lis-

1097 422 1321 463 truncabo.
1578 435 1644 467 605

156 491 197 535 Si
229 498 275 535 tu
307 492 361 533 ad
393 491 603 543 legionem
637 492 823 535 bellator
855 492 985 540 clnes,
1017 498 1060 533 at
1095 507 1171 545 ogo
1203 494 1242 533 in
1276 493 1419 534 eulina
1452 494 1584 535 clueo.

718 616 1072 658 Phronesium

154 688 196 732 Si
227 701 407 743 aequom
441 687 586 738 facias,
619 688 880 731 aduentores
911 688 1024 729 haud
1054 691 1095 729 tu
1128 688 1231 729 milei
1264 704 1380 731 ineos
1413 692 1592 748 incuses,

154 758 340 810 Quorum
371 760 481 801 dona
506 766 687 813 accepta
712 768 752 801 et
779 765 904 813 grata
930 759 1068 802 habeo
1094 774 1229 815 aeque
1258 767 1300 802 ut
1320 762 1502 813 ingrata,
1531 776 1644 816 quae

1103 831 1179 873 abs
1212 838 1254 873 te
1287 834 1446 886 accepi.

694 933 1099 987 Stratophanes

153 1005 259 1047 Tum
292 1005 363 1060 pol
396 1019 474 1059 ego
508 1012 549 1046 et
582 1005 706 1047 donis
740 1006 936 1058 priuatus
969 1020 1062 1047 sum
1095 1013 1136 1047 et
1169 1007 1290 1060 perii.

725 1128 1070 1172 Phronesium

1256 1202 1387 1245 Plane
1421 1205 1532 1244 istuc
1565 1208 1642 1244 est.

783 1294 848 1350 Cy
863 1309 937 1337 am
950 1311 975 1338 u
988 1310 1006 1337 s

152 1367 263 1420 Quid
287 1381 399 1410 nunc
425 1381 524 1420 ergo
546 1367 615 1408 hic
632 1366 751 1409 odies
768 1367 794 1417 †
814 1382 918 1419 sees,
951 1369 1178 1411 confessus
1205 1370 1401 1411 omnibus
1427 1374 1552 1411 teus?
1577 1381 1644 1414 610

694 1485 1101 1540 Stratophanes

150 1555 262 1598 Perii
294 1556 435 1599 hercle
468 1555 610 1605 hodie,
645 1557 727 1598 nisi
760 1557 873 1599 hunc
905 1572 929 1598 a
962 1565 1003 1599 te
1037 1558 1177 1612 abigo.

783 1673 1008 1729 Cyamus

792 1747 959 1789 Accede
991 1747 1076 1788 huc
1108 1747 1247 1797 modo,
1280 1747 1349 1789 adi
1382 1748 1466 1789 huc
1500 1747 1640 1789 modo.
1687 1782 1689 1785 .

695 1863 1098 1918 Stratophanes

151 1933 308 1985 Etiam,
329 1934 470 1977 scelus
489 1936 585 1985 uiri,
605 1936 818 1986 minitare,
832 1949 959 1988 quem
977 1949 1056 1988 ego
1074 1935 1236 1977 offatim
1255 1937 1339 1978 iam
1357 1935 1641 1989 concipilabo.

265 2005 375 2056 Quid
409 2006 488 2048 tibi
521 2006 603 2048 huo
634 2007 781 2049 uentio
815 2007 910 2049 est?
942 2007 1047 2061 quid
1080 2007 1160 2049 tibi
1192 2007 1304 2049 hanc
1336 2008 1471 2049 aditio
1505 2007 1602 2049 est?

264 2077 376 2129 Quid
408 2078 487 2121 tibi
519 2078 631 2120 hanc
662 2080 779 2121 notio
812 2086 889 2122 est.
922 2080 1113 2133 inquam,
1148 2081 1331 2121 amicam
1364 2079 1531 2122 meam?

265 2149 486 2193 Emoriere
520 2152 650 2195 ocius.
685 2152 727 2192 ni
759 2165 889 2193 manu
921 2152 1090 2193 uiceris.
1579 2162 1646 2195 615

790 2266 1010 2322 Cyamus

268 2337 410 2388 Quid?
444 2353 570 2381 manu
603 2340 816 2382 uicerim?

265 2498 332 2532 605
357 2502 394 2532 te
419 2509 485 2533 om.
573 2499 640 2533 606
666 2497 724 2532 Sit
749 2497 996 2541 uellegionem
1079 2498 1171 2532 ciuis
1255 2498 1417 2534 eubilina
1445 2498 1480 2533 Β
1565 2500 1645 2533 ciue

156 2553 222 2588 607
244 2552 342 2589 haud
366 2558 406 2588 tu
431 2554 520 2589 mihi
547 2565 612 2590 om.
741 2555 809 2589 608
833 2553 997 2597 Quorum
1022 2554 1111 2588 mihi
1139 2554 1236 2590 dona
1362 2555 1481 2590 habeo
1509 2559 1647 2599 tuaque

156 2608 375 2655 ingrataque
552 2612 619 2646 609
643 2612 720 2656 peri
855 2611 918 2644 611
947 2611 1054 2646 abico
1079 2610 1116 2645 Β
1253 2611 1386 2647 accede
1412 2612 1510 2646 hune
1536 2612 1647 2646 modo

157 2665 223 2701 612
245 2667 324 2702 ueri
349 2668 533 2702 mimitare
560 2668 595 2702 B
706 2667 855 2702 Affatim
884 2666 913 2702 C
1013 2668 1083 2702 iam
1111 2668 1182 2703 iam
1207 2669 1278 2703 iam
1394 2670 1459 2703 613
1487 2668 1588 2702 adito
1614 2668 1648 2702 Β

157 2722 224 2756 614
245 2725 374 2759 noetio
401 2729 455 2758 est
482 2724 624 2769 Umqufi
649 2724 684 2758 Β
777 2724 844 2758 615
869 2724 897 2758 si
