2009 3218
356 217 437 256 274
1027 212 1146 248 Plauti
1575 213 1624 256 ΙΙ,
1649 214 1680 252 2,
1702 213 1837 249 ”la-88

1012 338 1185 379 Philto

355 411 448 452 Non
482 410 637 465 edepol
667 410 747 452 tibi
778 424 1013 464 pernegare
1046 423 1220 463 possum
1252 408 1491 462 quidquam
1524 409 1641 463 quod
1672 410 1793 452 uelis.

358 481 466 532 Quoi
498 485 734 536 egestatem
764 481 951 524 tolerare
984 481 1076 522 uis?
1138 480 1338 534 Loquere
1369 479 1578 522 audacter
1610 482 1735 534 patri.

967 587 1027 629 Lz
1049 587 1233 628 siteZes

359 659 596 702 Lesbonico
627 659 727 701 huic
757 601 1040 710 adulescenti
1072 657 1322 700 Charmidai
1351 657 1454 707 filio,
1774 670 1842 705 366

359 730 441 781 Qui
472 730 560 772 illic
591 730 777 773 habitat.

1009 817 1187 859 Philto

821 888 946 939 Quin'
979 889 1167 934 comedit
1199 888 1312 942 quod
1344 887 1439 939 fuit,
1472 888 1584 943 quod
1616 902 1701 931 non
1730 887 1841 931 fuit?

970 994 1236 1048 Lysiteles

358 1068 420 1109 Ne
452 1067 654 1133 exproba‚
688 1073 833 1122 pater-3
865 1067 1000 1108 multa
1032 1068 1235 1108 eueniunt
1265 1066 1428 1108 homini
1453 1080 1564 1120 quae
1591 1065 1693 1117 uolt,
1725 1079 1836 1119 quae

1307 1138 1467 1180 neuolt.

1011 1233 1187 1275 Philto

359 1305 543 1347 Mentire
575 1305 747 1360 edepol,
788 1310 938 1360 gnate.
981 1310 1111 1359 atque
1150 1305 1194 1346 id
1224 1318 1336 1346 nunc
1374 1303 1480 1346 facis
1518 1303 1634 1346 haud
1665 1317 1843 1346 consue-

1307 1375 1470 1418 tudine.

359 1449 468 1491 Nam
501 1449 673 1504 sapiens
705 1449 879 1502 quidem
911 1448 982 1503 pol
1014 1449 1134 1502 ipsus
1165 1448 1292 1502 fingit
1320 1448 1540 1490 fortunam
1571 1447 1675 1500 sibi3

361 1521 421 1563 Eo
453 1535 538 1563 non
571 1521 705 1563 multa
735 1535 844 1575 quae
874 1520 1023 1562 neuolt
1055 1522 1270 1569 eueniunt,
1303 1521 1385 1562 nisi
1414 1519 1539 1562 fictor
1570 1519 1737 1561 malust.
1779 1529 1845 1564 365

967 1634 1028 1675 Lse
1049 1634 1174 1675 sitel
1186 1647 1233 1674 es

360 1707 499 1748 Multa
529 1705 591 1747 illi
624 1720 755 1760 opera
787 1711 915 1760 opust
945 1648 1138 1757 flotin-ae,
1173 1707 1247 1760 qui
1277 1721 1320 1748 se
1353 1705 1547 1748 fictorem
1578 1705 1760 1760 probum

361 1778 490 1821 Uitae
508 1778 703 1832 agundae
721 1791 814 1819 esse
833 1778 1017 1832 expetit3
1036 1777 1110 1819 sed
1127 1777 1196 1820 hic
1213 1777 1442 1820 admodum
1459 1775 1843 1820 adulescentulust.

1017 1895 1192 1936 Philto

363 1967 456 2009 Non
489 1971 647 2017 aetate,
680 1956 831 2009 uerum
863 1968 1033 2021 ingenio
1067 1969 1275 2021 apiscitur
1307 1967 1534 2020 sapientia.

365 2038 559 2092 Sapienti
593 2043 713 2081 aetas
746 2039 1078 2084 condimentum,
1114 2040 1288 2092 sapiens
1321 2039 1457 2080 aetati
1489 2038 1642 2080 cibust.

366 2111 454 2164 Age
486 2111 585 2151 dum
619 2111 833 2165 eloquere,
867 2111 970 2165 quid
1005 2111 1107 2152 dare
1141 2110 1202 2151 illi
1234 2124 1346 2152 nunc
1377 2111 1471 2152 uis‘?

480 2270 546 2303 358
571 2269 666 2313 quod
695 2280 760 2303 om.
788 2268 821 2302 A
910 2270 975 2303 359
1002 2269 1110 2303 Cuius
1198 2269 1296 2313 patri
1323 2269 1500 2304 audacter
1524 2269 1557 2302 A
1650 2268 1716 2302 360
1741 2265 1846 2302 Char·
1906 2263 1907 2266 ’

366 2325 466 2360 mide
490 2326 533 2369 A,
562 2325 778 2360 Charamidc
803 2325 870 2360 BC
971 2327 1033 2360 361
1062 2325 1128 2368 Qui
1144 2353 1150 2360 .
1166 2326 1241 2360 illic
1266 2326 1298 2359 A
1411 2326 1473 2370 qui
1498 2324 1658 2360 comedit
1680 2322 1750 2359 BG

367 2394 442 2416 non
467 2381 517 2416 fui
545 2382 604 2415 Ba*
693 2382 758 2415 362
784 2382 974 2426 opprobra
998 2381 1067 2417 BC
1157 2383 1253 2416 mala
1277 2383 1396 2417 multa
1420 2382 1464 2422 A,
1490 2382 1605 2416 multe
1629 2380 1697 2416 BG
1785 2390 1845 2415 ue-

367 2439 475 2472 niunt
498 2438 566 2473 BC
645 2438 704 2482 qui
732 2439 813 2472 uult
837 2439 897 2482 qui
923 2438 967 2481 B,
995 2439 1056 2482 qui
1083 2439 1161 2473 uult
1187 2440 1216 2483 q*
1244 2439 1272 2474 C
1350 2451 1424 2474 nou
1451 2440 1532 2474 uolt
1557 2438 1590 2472 A
1681 2436 1847 2482 Sequitur

368 2495 408 2529 in
433 2495 465 2528 A
491 2495 567 2538 370,
593 2494 631 2529 in
657 2494 722 2528 BG
743 2496 810 2528 370
834 2498 871 2528 et
896 2496 962 2529 369
1060 2497 1125 2530 363
1151 2502 1213 2530 aut
1239 2497 1271 2530 A
1350 2498 1416 2530 364
1441 2497 1520 2540 ipse
1546 2495 1614 2531 BG
1701 2495 1767 2529 365
1790 2492 1845 2527 Eo

369 2563 414 2585 ne
439 2551 554 2584 multa
580 2550 645 2586 BC
725 2552 840 2585 malus
867 2552 937 2586 siet
961 2550 1030 2586 ΒΟ
1114 2553 1179 2586 366
1207 2553 1338 2588 Multas
1366 2564 1478 2597 opera
1502 2552 1570 2588 BG
1659 2563 1748 2597 opus
1772 2548 1845 2594 BG,

368 2608 524 2641 multust,
550 2607 581 2640 A
657 2608 723 2641 367
749 2608 911 2650 agendae
938 2619 1018 2642 esso.
1044 2608 1087 2651 B,
1115 2621 1192 2643 esso
1217 2609 1356 2653 agendo
1385 2609 1413 2643 Ο
1479 2609 1622 2654 expetis
1646 2607 1711 2643 BG
1781 2608 1847 2642 368

370 2667 531 2698 aetatem
559 2663 626 2697 BC
707 2664 923 2708 adipiseitur
949 2664 1019 2699 ΒΟ
1103 2667 1168 2700 369
1192 2671 1274 2701 auce
1299 2667 1366 2700 363
1389 2670 1529 2709 ponunt
1552 2665 1619 2701 BC
1701 2664 1846 2709 Sapien-

370 2721 421 2755 tia
445 2720 512 2755 BG
588 2719 826 2754 condimenta
851 2723 878 2754 si
906 2721 974 2756 ΒΟ
1050 2723 1117 2756 370
1135 2728 1219 2766 post
1242 2724 1312 2757 362
1330 2724 1483 2766 ponitur
1555 2723 1708 2767 Agidum
1735 2719 1770 2756 Β

371 2778 468 2822 quod
496 2776 527 2810 A
599 2775 747 2811 nun'tfus
775 2777 805 2814 C
