2009 3218
675 563 1108 618 PROLOGUS.

257 701 520 756 perparuam
547 707 721 754 partem
753 701 948 756 postulat
979 702 1158 744 Plautus
1189 702 1272 744 loci

256 775 318 816 De
350 774 508 815 uostris
541 775 708 827 magnis
740 778 871 827 atque
905 774 1096 816 amoenis
1129 773 1368 825 moenibus,

257 846 447 888 Athenas
479 860 565 900 quo
599 847 689 887 sine
721 845 969 887 architectis
1001 845 1207 888 conferat.

256 918 367 969 Quid
399 919 541 960 nunc?
573 918 745 960 daturin
780 919 884 960 estis
916 932 969 959 an
1003 919 1117 960 non?
1179 918 1397 960 Adnuunt.

255 988 394 1032 Credo
426 991 625 1044 equidem
658 990 782 1032 uobis
816 1004 882 1031 me
915 989 1162 1032 ablaturum
1196 991 1288 1032 sine
1320 1004 1463 1039 mora;
1613 1003 1633 1035 5

255 1062 365 1113 Quid
401 1063 434 1103 si
468 1061 519 1104 de
551 1067 700 1103 uostro
733 1062 954 1116 quidpiam
986 1063 1133 1105 orem?
1193 1062 1411 1104 Abnuunt.

258 1134 321 1176 Eu
352 1133 494 1176 hercle
526 1134 568 1175 in
599 1134 724 1175 uobis
754 1134 948 1175 resident.
979 1148 1119 1176 mores
1151 1134 1331 1188 pristini,

259 1206 324 1248 Ad
357 1206 655 1256 denegandum
687 1211 736 1247 ut
768 1205 899 1248 celeri
930 1205 1077 1259 lingua
1108 1207 1303 1248 utamini.

256 1277 338 1320 Sed
372 1278 452 1319 hoc
483 1291 674 1331 agamus.
707 1292 794 1332 qua
825 1278 908 1320 huc
938 1282 1161 1320 uentumst
1192 1279 1345 1330 gratia.

257 1349 436 1391 Athenis
467 1350 722 1390 translatum
752 1350 830 1391 huc
861 1351 942 1392 hoc
973 1354 1040 1392 est
1070 1351 1339 1404 proscenium
1593 1363 1634 1396 10

256 1421 488 1475 Tantisper
519 1421 619 1463 dum
652 1423 930 1474 transigimus
964 1422 1073 1463 hanc
1105 1422 1385 1464 comoediam.

257 1493 336 1534 Hic
368 1493 538 1535 habitat
569 1494 734 1538 mulier.
766 1509 919 1535 nomen
953 1496 1099 1548 quoist
1132 1494 1438 1542 Phronesium:

258 1565 375 1607 Haec
405 1564 533 1607 huius
567 1565 697 1607 saecli
730 1580 871 1608 mores
902 1567 943 1607 in
979 1580 1023 1608 se
1056 1567 1268 1619 possidet:

256 1637 499 1690 Numquam
535 1637 589 1678 ab
621 1643 811 1680 amatore
845 1639 1038 1691 postulat
1067 1638 1111 1679 id
1143 1639 1259 1692 quod
1292 1638 1494 1688 datumst,

258 1709 340 1751 Sed
373 1709 579 1751 relicuum
613 1710 685 1751 dat
719 1724 894 1763 operam
927 1725 979 1752 ne
1011 1711 1067 1752 sit
1098 1710 1304 1752 relicuum
1334 1740 1345 1742 -
1594 1723 1634 1756 15

256 1781 479 1823 Poscendo
511 1787 639 1836 atque
672 1782 919 1825 auferendo.
953 1788 1002 1824 ut
1033 1796 1125 1824 mos
1158 1787 1223 1824 est
1253 1782 1502 1834 mulierum3

256 1853 366 1895 Nam
398 1867 546 1895 omnes
578 1853 620 1894 id
653 1854 830 1903 faciunt,
864 1867 991 1906 quom
1024 1868 1069 1896 se
1101 1857 1236 1896 amari
1269 1854 1538 1908 intellegunt.

259 1925 320 1967 Ea
351 1939 396 1967 se
430 1925 648 1979 peperisse
681 1939 860 1979 puerum
891 1926 1068 1967 simulat
1099 1927 1238 1970 militi.

258 1997 351 2047 Quo
383 1998 512 2039 citius
543 2011 631 2038 rem
664 1997 718 2038 ab
751 2011 801 2040 eo
833 2002 1013 2038 auor-rat
1044 2012 1137 2040 cum
1169 1999 1427 2052 puluisculo.

257 2069 368 2120 Quid
402 2069 563 2111 multa?
611 2069 743 2117 ..†..
779 2068 900 2110 Stuic
932 2075 1107 2124 superet
1138 2071 1330 2113 muliere.
1589 2083 1635 2115 20

256 2140 281 2189 ἦ·
313 2140 490 2182 Hiscum
523 2142 666 2183 anima
697 2141 750 2183 ad
784 2155 880 2183 eum
912 2141 1089 2184 habenti
1121 2156 1217 2184 erce
1249 2143 1417 2184 teritur.

743 2212 765 2236 *
879 2213 900 2236 >k
1015 2213 1036 2238 *

261 2351 276 2382 1
303 2353 417 2383 artem
501 2349 624 2393 plaudi
652 2349 733 2383 loco
815 2350 836 2382 2
861 2348 976 2382 Deum
1003 2349 1075 2383 eris
1156 2351 1177 2384 3
1202 2361 1310 2385 arcus
1336 2350 1446 2394 pletis
1528 2353 1548 2384 4
1577 2350 1637 2385 ad-

149 2408 240 2440 nunt.
340 2407 361 2439 5
387 2405 518 2439 Melior
542 2417 600 2439 me
626 2405 775 2449 quidem
868 2406 1079 2440 abiaturum
1190 2407 1212 2440 6
1238 2399 1301 2442 ore
1328 2406 1357 2442 C
1470 2408 1637 2442 abduunt

148 2462 170 2495 7
192 2461 285 2496 Eum
355 2461 513 2496 iuuodiis
544 2461 584 2505 B,
612 2462 745 2496 inodiis
773 2462 801 2497 C
873 2473 976 2496 more
998 2461 1033 2496 Β
1110 2464 1132 2497 8
1158 2468 1196 2497 ut
1220 2464 1331 2498 animi
1353 2463 1389 2498 Β
1464 2466 1504 2498 10
1529 2465 1633 2499 Athi-

149 2517 205 2552 αἱ.
228 2517 264 2553 Β
333 2523 451 2553 tracto
477 2520 526 2553 ita
554 2523 593 2552 ut
618 2518 688 2554 hoc
766 2519 991 2562 proscinium
1016 2518 1061 2560 B,
1089 2519 1347 2563 proschenium
1372 2521 1401 2556 C
1480 2523 1515 2555 11
1545 2522 1637 2556 Tan-

148 2573 197 2609 tiu
220 2575 379 2619 perdunt.
447 2576 678 2610 transicimus
704 2575 739 2610 B
813 2577 853 2608 12
877 2577 1025 2609 nomine
1051 2576 1108 2610 cui
1135 2581 1190 2611 est
1254 2577 1471 2622 phonesium
1499 2578 1534 2613 Β
1598 2582 1636 2612 14

149 2635 313 2666 amatore
338 2643 404 2666 nuo
485 2633 523 2666 15
548 2632 726 2675 reliquam
803 2632 981 2676 reliquum
1065 2634 1104 2667 19
1128 2633 1241 2669 cicius
1266 2634 1302 2668 Β
1373 2635 1517 2670 auferat
1594 2638 1637 2670 20

151 2686 265 2721 multa
287 2687 443 2733 Superet
467 2689 657 2723 mulierem
693 2688 722 2723 C

1254 2871 1257 2874 Α
1296 2838 1364 2872 22*
