2009 3218
358 192 438 232 330
1043 196 1163 232 Plauti
1582 197 1624 238 v,
1650 199 1683 240 2,
1706 199 1841 245 21—36

962 322 1237 375 Lysiteles

1186 393 1460 436 Charmidem
1490 408 1686 453 socerum
1717 409 1839 436 suum

356 461 566 515 Lysiteles
599 462 773 505 salutat.

939 558 1005 599 Ch
1020 560 1147 600 armi
1166 560 1256 601 des

835 630 887 672 Di
919 630 1022 672 dent
1052 630 1145 682 tibi,
1178 630 1401 685 Lysiteles,
1434 644 1544 685 quae
1576 631 1698 673 uelis.

966 738 1228 782 Callicles

354 809 449 852 Non
482 823 560 863 ego
592 824 685 852 sum
717 810 874 864 dignus
907 810 1089 853 salutis?

967 919 1237 972 Lysiteles

1154 992 1288 1034 Immo
1320 993 1452 1045 salue,
1484 992 1694 1035 Callicles.

353 1062 476 1103 Hunc
503 1063 687 1116 priorem
712 1067 936 1116 aequomst
961 1077 1026 1104 me
1053 1062 1234 1115 habere3
1267 1065 1414 1106 tunica
1445 1065 1620 1119 propior
1650 1065 1838 1120 palliost.

965 1163 1226 1207 Callicles

353 1236 468 1278 Deos
499 1236 597 1279 uolo
631 1235 812 1278 consilia
842 1234 960 1278 uobis
993 1241 1143 1279 uostra
1173 1241 1290 1279 recte
1322 1242 1506 1280 uortere.
1751 1249 1837 1283 1155

937 1345 1250 1388 Charmides

348 1417 501 1459 Filiam
534 1431 671 1460 meam
703 1417 783 1460 tibi
816 1417 1076 1472 desponsam
1108 1432 1206 1461 esse
1233 1419 1373 1461 audio.

960 1528 1229 1582 Lysiteles

1428 1584 1524 1627 Nisi
1555 1589 1602 1627 tu
1632 1587 1766 1628 uenis.

931 1679 1249 1722 Charmides

347 1752 482 1794 Immo
515 1751 632 1794 haud
662 1751 774 1794 nolo.

947 1846 980 1887 L
1031 1846 1225 1888 siteles

685 1918 887 1972 Sponden
918 1922 966 1959 tu
991 1860 1096 1971 {rgo
1128 1922 1250 1960 tuam
1280 1921 1456 1971 gnatam
1486 1930 1661 1958 uxorem
1691 1915 1826 1958 mihi?

928 2026 1241 2070 Charmides

343 2099 543 2154 Spondeo
576 2102 619 2140 et
649 2098 765 2140 mille
797 2100 890 2141 auri
921 2098 1167 2153 Philippum
1200 2098 1322 2142 dotis.

949 2204 981 2245 L
992 2220 1014 2258 y
1028 2206 1069 2245 si
1085 2204 1158 2246 tel
1171 2218 1191 2245 e
1203 2218 1221 2245 s

1350 2261 1504 2302 Dotem
1535 2258 1642 2300 nihil
1674 2272 1829 2301 moror.

931 2351 1240 2394 Charmides

342 2424 382 2465 si
417 2424 492 2465 illa
523 2424 602 2464 tibi
636 2424 794 2477 placet,
828 2423 1039 2477 placenda
1071 2423 1148 2465 dos
1180 2435 1350 2476 quoque
1383 2425 1450 2463 est
1480 2435 1608 2474 quam
1637 2420 1713 2463 dat
1737 2419 1827 2462 tibi.

343 2496 564 2537 Postremo
598 2496 710 2548 quod
748 2497 810 2536 uis
837 2510 917 2536 uon
944 2494 1088 2543 duces,
1123 2495 1203 2535 nisi
1229 2493 1332 2535 illud
1361 2493 1475 2547 quod
1501 2506 1584 2534 non
1615 2493 1680 2534 uis
1705 2492 1828 2533 feres.

1528 2564 1545 2584 Ο

456 2654 541 2686 1152
566 2653 719 2696 Lysteus
814 2655 898 2686 1153
925 2653 1042 2687 salute
1069 2652 1203 2696 dignus
1300 2652 1386 2685 1154
1414 2651 1439 2683 B
1466 2650 1591 2684 tunica
1616 2649 1652 2683 Β
1746 2648 1830 2682 1155

343 2720 369 2744 ω
395 2709 491 2743 Deus
565 2709 668 2742 uobis
694 2720 758 2743 oni.
837 2712 920 2743 1156
947 2715 984 2744 tu
1013 2710 1114 2743 uenis
1139 2720 1206 2743 om.
1287 2709 1370 2740 1157
1397 2707 1583 2750 spondent
1605 2705 1640 2748 C,
1668 2714 1695 2739 Ζ
1719 2716 1827 2748 spon-

340 2766 410 2800 (len
439 2765 473 2800 B
577 2767 659 2798 1155
690 2775 717 2798 >t
742 2766 865 2800 dotem
893 2765 926 2799 Β
1023 2778 1142 2799 mom·
1168 2765 1202 2799 B
1300 2766 1384 2797 1160
1410 2763 1504 2796 fores
1533 2762 1562 2797 G

1971 0 2009 343 ”42:333
