2009 3218
62 143 68 150 ⁶
137 156 193 200 Π,
216 154 249 199 6,
272 155 406 190 84—82
757 152 1014 186 Truculentns.
1549 153 1629 193 373

682 277 1083 331 Stratophanes

889 348 1057 401 Ecquid
1090 348 1194 389 mihi
1228 348 1431 390 similist?

725 460 1048 514 Astaphium

1373 519 1540 571 Rogas?
1566 531 1634 563 500

146 593 225 644 Qui
243 591 440 643 extemplo
458 590 532 632 ubi
551 595 716 634 natust,
738 589 1013 631 machaeram
1033 593 1076 630 et
1093 589 1275 643 clipeum
1303 590 1513 642 poscebat
1538 590 1632 631 sihi.

684 706 1088 761 Stratophanes

144 781 263 824 Meus
293 787 385 829 θεῖς
417 781 506 822 scio
537 780 621 821 iani
655 779 706 821 de
740 779 1022 833 argumentis.
1084 777 1225 827 Quid?
1257 778 1354 819 uisu
1389 778 1589 820 similist?

721 897 755 938 A
774 896 1050 950 staphium

1469 951 1631 1007 Papae!

146 1012 233 1055 Iam
267 1017 479 1064 magnust.

685 1105 1088 1159 Stratophanes

492 1177 582 1219 Iam
616 1177 769 1218 ductat
799 1176 1044 1229 legionem?
1075 1189 1233 1230 ecquae
1266 1175 1405 1229 spolia
1437 1175 1634 1217 rettulit?

146 1249 351 1303 Loquere.

715 1335 1046 1389 Astaphium

327 1407 492 1449 Nudius
524 1408 701 1461 quintus
733 1415 863 1449 natus
897 1407 1068 1462 quidem
1100 1407 1188 1448 illic
1222 1413 1294 1448 est.

683 1524 1129 1578 Stratophanes,

1303 1595 1415 1645 Quid
1447 1596 1632 1649 postea?

146 1668 261 1712 Inter
290 1674 356 1710 tot
387 1669 480 1710 <lies
513 1668 684 1721 quidem
719 1667 863 1709 hercle
896 1668 1061 1723 aliquid
1095 1674 1236 1709 actum
1270 1669 1475 1722 oportuit.
1566 1678 1633 1712 505

146 1740 253 1790 Quid
278 1740 338 1782 illi
357 1755 408 1782 ex
425 1745 550 1782 utero
568 1741 740 1782 exitiost
768 1741 887 1793 prius
912 1754 1041 1794 quam
1062 1744 1235 1794 poterat
1252 1741 1312 1782 ire
1329 1741 1371 1781 in
1390 1739 1632 1793 proelium?

729 1857 1047 1911 Astaphium

146 1929 416 1984 Consequere
448 1935 578 1984 atque
610 1929 727 1971 illam
762 1930 905 1971 saluta
937 1936 980 1972 et
1011 1929 1231 1982 gratulare
1262 1929 1338 1970 illi.

685 2047 1081 2101 Stratophanes

1425 2117 1601 2172 Sequor.

710 2221 1060 2263 Phronesium

146 2291 227 2334 Ubi
258 2293 345 2345 illa,
377 2293 571 2335 obsecro.
605 2299 680 2343 est,
713 2307 822 2347 quae
855 2307 920 2334 me
953 2293 1022 2334 hic
1053 2292 1260 2346 reliquit?
1299 2290 1449 2334 ubi'ea
1481 2305 1526 2333 se
1558 2291 1632 2332 ab·

1095 2364 1266 2405 stulit‘?.

256 2501 323 2534 500
346 2500 435 2534 ehec
460 2501 541 2544 quit
564 2499 610 2538 B,
637 2499 727 2534 haec
754 2500 834 2542 quit
860 2498 889 2533 G
956 2500 985 2533 si
1011 2499 1113 2534 mille
1139 2504 1196 2535 est
1267 2501 1330 2533 501
1358 2497 1451 2542 Quin
1478 2499 1541 2533 ubi

65 2558 78 2581 ἕ
145 2563 288 2591 macera
402 2557 585 2601 clippeum
615 2556 644 2592 C
756 2558 822 2590 502
846 2555 1009 2590 Nimium
1035 2556 1163 2600 quidni
1189 2557 1347 2591 similest
1461 2567 1557 2601 pape
1583 2554 1630 2597 B,

70 2612 75 2613 ⁷
145 2609 243 2657 Papa
266 2612 296 2648 0
373 2614 438 2648 503
463 2614 585 2648 iamne
609 2613 710 2655 letat‚
736 2613 808 2647 iam
837 2624 881 2647 ne
907 2613 1020 2647 lectat
1046 2611 1076 2648 C'
1151 2613 1363 2658 §spoliaret
1389 2613 1481 2648 uelit
1568 2613 1634 2646 504

145 2667 216 2704 Ere
309 2669 431 2705 nudiis
457 2669 493 2704 Β
581 2670 640 2704 ille
731 2671 796 2703 505
823 2674 946 2704 actum
972 2669 1111 2713 aliquid
1203 2671 1270 2704 507
1295 2670 1472 2714 gratulari
1568 2669 1634 2703 508

75 2745 97 2761 .,
147 2726 254 2760 eabae
278 2726 387 2761 abisti
411 2725 459 2769 B,
486 2727 574 2760 abae
601 2726 710 2760 abisti
739 2725 768 2761 C
