2009 3218
160 212 207 257 11,
230 214 263 255 2,
285 212 421 248 56-70
820 209 978 244 Stichus.
1569 212 1649 251 219

765 333 1041 377 Pinacium

164 410 276 455 Post.
306 410 356 451 nt
385 408 532 462 occepi
565 419 754 455 narrare,
785 406 983 448 fidicinas
1015 406 1218 448 tibicinas

163 480 488 525 Sambuca‘cinas
519 478 695 521 aduexit
729 491 872 520 secum
906 478 1046 520 forma
1078 480 1246 520 eximia.

753 572 1056 615 Gelasimus

1289 644 1506 699 Eugepae.

163 718 344 770 Quando
375 717 598 761 adbibero.
631 715 888 765 adludiabo;
920 724 1009 757 tuni
1045 731 1138 758 sum
1170 716 1533 758 ridiculissumus.

768 810 1041 853 Pinacium

162 886 288 929 Poste
319 888 537 938 unguenta
570 883 858 937 multigenera
890 883 1038 925 multa.

758 974 1058 1017 Gelasimus

1099 1047 1193 1088 Non
1226 1045 1368 1087 nendo
1400 1045 1544 1099 logos;

165 1121 255 1162 Iam
285 1133 367 1162 non
399 1119 512 1161 facio
545 1120 810 1166 auctionem;
844 1118 946 1159 mihi
981 1119 1138 1173 optigit
1170 1117 1402 1160 hereditas.
1588 1129 1654 1163 335

162 1191 365 1235 Maleuoli
398 1192 708 1246 perquisitores
740 1191 987 1232 auctionum
1023 1191 1242 1244 perierint.

162 1264 380 1311 Hercules,
412 1263 634 1305 decumam
667 1277 760 1304 esse
794 1262 1023 1304 adauctam
1058 1262 1134 1304 tibi
1162 1276 1291 1317 quam
1317 1262 1420 1304 uoui
1444 1262 1652 1316 gratulor.

163 1336 269 1391 Spes
308 1341 374 1379 est
412 1335 587 1377 tandem
628 1335 863 1389 aliquando
904 1336 1182 1388 inportunam
1225 1335 1395 1387 exigere
1438 1348 1488 1375 ex
1528 1340 1654 1376 utero

1113 1407 1282 1449 famem.

772 1497 1042 1539 Pinacium

165 1570 267 1612 Post
298 1576 440 1612 autem
473 1569 650 1611 aduexit
683 1571 898 1624 parasitos
931 1584 1074 1612 secum

758 1660 1060 1703 Gelasimus

1182 1732 1246 1783 Ei,
1278 1733 1387 1787 perii
1420 1733 1561 1774 miser.

774 1812 1042 1854 Pinacium

173 1869 544 1912 Ridiculissumos.

756 1940 1053 1983 Gelasimus

464 2014 699 2055 Reuorram
733 2013 877 2055 hercle
910 2013 1004 2063 hoc,
1039 2013 1157 2068 quod
1189 2014 1392 2055 conuorri
1423 2013 1563 2055 modo.
1592 2023 1660 2056 390

170 2084 354 2127 Uenales
384 2085 469 2139 logi
503 2091 603 2127 sunt
634 2085 709 2135 illi,
743 2099 852 2140 quos
885 2084 1098 2138 negabam
1130 2085 1332 2127 uendere.

169 2155 316 2208 Ilicet;
344 2157 428 2198 iam
460 2171 555 2198 meo
587 2157 699 2198 malo
732 2165 800 2198 est
831 2157 945 2210 quod
979 2157 1289 2199 maleuolentes
1320 2158 1550 2211 gaudeant.

170 2226 386 2279 Hercules,
417 2230 489 2284 qui
521 2229 627 2270 deus
658 2230 728 2281 sis⁷
762 2243 864 2270 sane
898 2229 1141 2271 discessisti
1172 2243 1256 2271 non
1288 2229 1410 2271 bene.

280 2386 343 2421 381
371 2386 504 2422 Postea
527 2387 563 2421 A
655 2387 821 2422 fiaicinas
847 2387 880 2420 A
973 2387 1041 2420 382
1065 2387 1272 2422 Sambucas
1362 2387 1513 2422 aduenit
1537 2386 1572 2422 Β

173 2442 314 2477 exnmia
336 2442 405 2478 BG
501 2446 568 2479 384
592 2444 727 2478 Postea
751 2443 795 2486 A,
822 2443 911 2477 Post
935 2443 1016 2477 haec
1043 2442 1072 2478 C
1168 2448 1334 2488 ungenta
1358 2444 1394 2478 A
1486 2443 1660 2488 multige-

170 2509 298 2534 nerum
375 2501 440 2534 385
465 2500 596 2536 faciam
624 2500 652 2536 C
721 2502 787 2535 386
812 2500 976 2534 maliuoli
1054 2505 1279 2536 auctuonum
1304 2499 1341 2535 Β
1410 2501 1603 2544 perierunt
1626 2501 1661 2533 A

171 2554 238 2590 887
261 2554 472 2591 Hereoleles
497 2556 542 2601 B,
568 2556 793 2592 Hercoledes
823 2556 852 2591 Ο
926 2557 1108 2592 decimam
1135 2556 1200 2592 BC
1276 2558 1343 2591 388
1368 2567 1434 2592 om.
1459 2555 1527 2591 BC
1596 2556 1661 2591 339

172 2609 322 2647 sduenit
343 2611 380 2647 Β
490 2624 615 2648 secum
640 2615 821 2658 parasitos
847 2613 914 2648 BC
1027 2615 1095 2648 390
1117 2614 1457 2650 Ridiculosissimos
1483 2612 1553 2648 BC

171 2669 342 2703 cannen-i
427 2671 585 2706 391—93
608 2671 778 2715 leguntur
799 2675 883 2714 post
905 2671 975 2705 396
1067 2671 1130 2705 391
1158 2670 1231 2706 loci
1256 2669 1325 2706 Bc
1414 2672 1480 2706 392
1506 2670 1599 2705 Ilico
1626 2675 1663 2703 et

173 2733 255 2758 meo
278 2723 359 2762 BG.
439 2727 535 2762 male
560 2734 691 2762 nontes
720 2726 748 2762 C
852 2727 1011 2761 audeant
1036 2725 1105 2762 BG
1203 2728 1269 2762 393
1295 2739 1382 2762 sane
1409 2728 1471 2771 qui
1497 2727 1587 2762 deos
1614 2727 1662 2760 sis

175 2779 403 2818 discessisses
428 2794 503 2818 non
527 2783 622 2818 male
642 2782 708 2817 BC
