2009 3218
131 212 179 256 11,
203 214 235 254 6,
264 213 372 246 1—20
803 211 960 246 Rudens.
1538 216 1552 253 l
1570 217 1613 253 [5

514 426 588 467 ΕΑ
598 426 723 468 BRA
735 427 787 468 X.
857 427 970 469 (ἸΙΛ
984 427 1235 469 RMIDES.

772 555 974 598 Labrax

131 629 211 680 Qui
243 629 369 671 homo
403 642 499 670 sese
531 641 620 670 esse
651 629 853 670 miserum
886 634 928 671 et
959 630 1202 671 mendicum
1233 629 1362 675 uolet,

129 701 333 756 Neptuno
366 701 516 742 credat
548 715 641 742 sese
673 705 805 755 atque
837 706 1027 743 aetatem
1061 716 1204 752 suam;
1551 715 1618 747 475

128 773 239 815 Nam
273 774 310 815 si
342 774 437 827 quis
469 786 564 814 cum
597 787 647 815 eo
680 773 783 826 quid
815 773 876 814 rei
909 775 1177 823 conmiscuit‚

133 847 197 888 Ad
228 846 310 888 hoc
343 845 586 899 exemplum
618 846 778 886 amittit
812 851 1012 887 ornatum
1046 846 1232 888 domum.

129 918 295 973 Edepol
327 917 526 959 Libertas
559 918 703 971 lepida
736 932 790 967 es,
825 932 937 972 quae
969 933 1202 972 numquam
1235 918 1387 972 pedem

131 990 320 1033 Uoluisti
352 991 395 1032 in
426 1003 583 1032 nauem
616 1004 710 1031 cum
743 989 926 1032 Hercule
958 1004 1044 1032 una
1075 991 1292 1044 inponere.

129 1063 212 1105 Sed
245 1063 317 1104 ubi
349 1062 421 1103 illo
455 1076 572 1104 meus
605 1068 671 1103 est
702 1061 872 1116 hospes,
906 1064 977 1117 qui
1009 1076 1076 1104 me
1109 1063 1327 1117 perdidit?
1551 1075 1619 1108 480

131 1136 271 1190 Atque
303 1148 447 1176 eccum
480 1134 653 1175 incedit.

720 1236 1024 1279 Charmides

167 1357 179 1370 ο
719 1309 812 1359 Quo
844 1310 1003 1352 malum
1035 1323 1252 1364 properas,
1287 1309 1489 1353 Labrax?

130 1383 242 1426 Nam
272 1383 472 1438 equidem
502 1387 545 1424 te
576 1396 746 1436 nequeo
779 1383 986 1437 consequi
1016 1387 1106 1424 tam
1137 1387 1323 1425 strenue.

772 1501 978 1543 Labrax

129 1573 316 1625 Utinam,
348 1579 391 1617 te
423 1576 545 1630 prius
577 1589 707 1630 quam
739 1574 875 1616 oculis
906 1575 1114 1616 uidissem
1146 1574 1264 1625 meis,

130 1647 245 1689 Malo
276 1648 471 1689 cruciatu
503 1648 546 1688 in
578 1647 726 1689 Sicilia
757 1646 1011 1700 perbiteres,

131 1718 266 1768 Quem
297 1725 476 1775 propter
505 1720 586 1761 hoc
618 1719 720 1760 mihi
754 1719 911 1772 optigit
942 1719 1098 1761 misero
1131 1718 1244 1761 mali.
1552 1731 1618 1766 435

723 1829 1029 1872 Charmides

131 1902 316 1955 Utinam,
348 1917 477 1957 quom
507 1904 550 1944 in
582 1902 702 1944 aedis
733 1917 799 1944 me
831 1903 887 1944 ad
917 1908 960 1945 te
991 1901 1210 1945 adduxisti
1243 1905 1350 1953 tuas,

130 1974 179 2016 In
209 1988 383 2017 carcere
413 1975 488 2018 illo
521 1975 664 2028 potius
699 1975 941 2017 cubuissem
974 1975 1063 2025 die3

133 2047 333 2103 Deosque
364 2047 608 2089 inmortalis
640 2061 814 2100 quaeso,
850 2047 952 2089 dum
982 2048 1117 2098 uiuas,
1150 2048 1215 2088 uti

132 2119 280 2162 Omnis
311 2121 376 2162 tui
407 2119 558 2163 similis
588 2119 778 2173 hospites
809 2119 972 2161 habeas
1003 2119 1095 2161 tibi.

769 2236 978 2279 Labrax

132 2310 290 2353 Malam
323 2311 560 2353 Fortunam
592 2311 635 2352 in
667 2309 787 2352 aedis
818 2315 861 2352 te
892 2310 1055 2351 adduxi
1087 2322 1215 2351 meas.
1553 2320 1620 2353 490

133 2383 243 2434 Quid
275 2383 379 2425 mihi
412 2383 595 2426 scelesto
628 2382 709 2424 tibi
740 2386 834 2424 erat
864 2381 1156 2424 auscultatio?

135 2453 302 2504 Quidue
333 2456 434 2498 hinc
465 2455 632 2497 abitio?
664 2455 823 2509 quidue
856 2455 899 2496 in
930 2467 1088 2496 nauem
1118 2454 1341 2505 inscensio,

135 2527 218 2570 Ubi
250 2528 418 2583 perdidi
453 2529 582 2570 etiam
614 2527 712 2581 plus
744 2527 845 2568 boni
878 2540 1004 2580 quam
1037 2524 1138 2567 mihi
1168 2524 1278 2568 fuit‘?

247 2688 314 2722 474
339 2699 419 2722 esse
444 2698 500 2723 om
605 2687 735 2720 mirum
764 2685 793 2719 0
881 2686 947 2719 479
971 2684 1094 2719 het-cle
1192 2685 1258 2718 485
1285 2683 1400 2729 optigi
1427 2683 1456 2719 G
1555 2683 1621 2717 488

135 2746 216 2779 tuas
241 2755 318 2787 om„
346 2744 376 2780 G
396 2745 565 2780 lammam
588 2743 730 2778 indicat
856 2743 923 2776 487
947 2742 1134 2776 incar-care
1163 2741 1191 2775 G
1315 2742 1381 2775 489
1406 2740 1456 2775 lui
1484 2739 1619 2774 similes

136 2802 198 2836 491
225 2802 296 2836 erit
321 2801 350 2837 G
437 2803 505 2836 492
530 2801 631 2835 abito

1239 2868 1349 2902 ,8³
