2009 3218
412 255 493 293 504
1074 250 1234 285 Rudens.

412 380 515 416 Cam.
579 379 675 415 Huic
714 375 806 416 licet
845 379 1072 426 adiungitur
1103 381 1221 428 quasi·
1245 380 1516 417 indeclinabile
1548 394 1640 430 pro:
1687 382 1736 419 ad
1766 384 1892 421 omnia

416 445 552 494 ,‚licet“
589 446 855 496 respondebis,
889 447 935 484 cf.
972 447 1090 484 1209.
1126 447 1244 485 1213.
1284 467 1326 471 -
1366 449 1484 485 1205.
1517 458 1644 486 manu
1673 449 1761 487 add.
1788 449 1890 489 Cam.

410 534 464 540 -—
507 516 626 553 1209.
673 510 855 553 Omnian
886 514 990 552 Cam.
1029 534 1083 540 —
1123 511 1257 563 refero
1285 511 1487 565 qratiam,
1527 516 1660 554 eodem
1691 502 1891 567 responsu,

411 584 456 620 cf.
491 583 597 620 Pers.
630 583 723 620 427.
771 602 811 607 -
845 584 963 620 1211.
997 581 1187 629 ceterum,
1217 596 1252 619 v.
1287 583 1334 619 ad
1366 583 1476 633 Capt.
1512 585 1604 622 984.
1636 584 1751 634 Epid.
1779 587 1814 623 7.
1840 606 1892 612 -—

415 651 533 689 1212.
567 645 763 698 infelicet,
796 651 842 688 cf.
877 651 970 688 874.
1002 670 1058 675 —-
1091 651 1209 688 1213.
1241 646 1320 697 Ita,
1353 665 1389 688 v.
1423 651 1470 688 ad
1504 654 1597 690 203.

526 720 644 756 1214.
677 718 821 767 Gripus
852 717 948 756 hero
979 719 1217 768 persuadere
1249 722 1413 756 conatur
1443 723 1487 756 ut
1509 719 1683 757 vidulum
1715 720 1789 758 sibi
1811 721 1894 771 ipse

410 790 543 824 teneat
572 800 641 824 nec
673 786 838 824 Labraci
870 786 1020 823 reddat.
1048 806 1100 810 —
1135 787 1252 823 1218.
1290 782 1470 835 Quodne,
1503 787 1548 824 cf.
1568 788 1661 825 271.
1684 807 1741 812 —
1774 789 1890 828 1219.

415 856 496 901 „illi
528 854 688 892 melius“
725 853 830 891 Reiz.
860 875 905 879 —
941 855 1059 892 1221.
1092 848 1207 891 Isto.
1227 884 1234 890 .
1255 864 1387 903 quom,
1420 855 1465 892 cf.
1499 855 1546 892 ad
1574 856 1666 893 895.
1691 875 1746 881 —
1772 857 1889 896 1223.

413 924 675 970 ΐναηεενιπαθ,
724 938 756 960 v.
798 923 847 960 ad
886 922 1023 961 Bacch.
1064 923 1156 959 787.
1202 942 1248 946 -
1296 923 1412 960 1225.
1453 910 1657 970 aua‘rz'ter,
1703 924 1749 961 cf.
1782 923 1891 963 Cure.
1969 968 1975 972 ,

414 992 505 1029 128.
539 1011 594 1015 —
628 992 747 1028 1227.
780 990 909 1039 atque,
944 991 990 1027 cf.
1024 989 1072 1027 ad
1104 990 1212 1027 Asin.
1247 991 1338 1027 564.
1371 1009 1425 1014 —
1468 987 1586 1029 1228.
1619 991 1713 1030 Post
1741 989 1806 1030 uti
1834 991 1891 1031 Fl.

412 1059 499 1096 edd.
537 1057 637 1106 „ei“,
676 1059 839 1096 fortasse
871 1061 987 1095 recte.
1027 1078 1082 1082 ——-
1124 1059 1242 1095 1229.
1284 1056 1529 1106 praedatum
1557 1055 1676 1107 irim,
1719 1063 1893 1110 ereptum

411 1128 473 1176 iri,
514 1127 685 1176 praedam
717 1127 800 1164 fore
833 1126 932 1164 aliis.
993 1126 1132 1163 Dotem
1166 1127 1341 1164 attulisse
1371 1126 1546 1174 videtur,
1579 1128 1647 1165 sed
1677 1128 1733 1164 ita
1762 1127 1894 1176 abibit,
1921 1151 1924 1155 -

411 1199 455 1232 ut
486 1196 610 1232 maior
642 1195 710 1232 dos
743 1194 940 1241 eroganda
971 1194 1034 1231 sit.
1076 1213 1124 1220 —-
1171 1195 1288 1232 1232.
1334 1194 1476 1232 noster
1516 1195 1564 1232 ad
1605 1195 1776 1245 vulgaris
1813 1208 1892 1232 ser-

411 1263 536 1300 monis
575 1276 687 1300 usum
727 1263 888 1311 ponitur
927 1262 1158 1299 familiarem
1196 1261 1438 1310 significans,
1481 1263 1527 1300 cf.
1560 1263 1702 1302 Horat.
1734 1263 1813 1301 Sat.
1842 1262 1892 1313 II,

413 1333 456 1378 6,
497 1331 570 1367 48:
622 1330 721 1377 „Per
758 1334 884 1367 totum
923 1330 997 1367 hoc
1033 1333 1186 1379 tempus
1225 1331 1439 1367 subiectior
1476 1331 1515 1367 in
1554 1330 1655 1369 diem
1700 1334 1739 1368 et
1781 1331 1894 1369 horas

409 1398 585 1436 Invidiae
617 1396 793 1436 noster“.
840 1398 887 1435 ad
919 1398 1058 1447 Amph.
1094 1400 1186 1436 395.
1232 1398 1371 1435 Bacch.
1404 1399 1497 1435 440.
1528 1416 1582 1423 --
1618 1400 1735 1451 1234
1773 1396 1893 1438 ‘male-
1937 1424 1943 1428 -

408 1463 516 1515 ficiis
545 1463 654 1513 suis,
695 1469 718 1503 i.
752 1480 784 1503 e.
817 1479 901 1516 quae
933 1467 1007 1515 ipsi
1038 1466 1226 1513 fecerint,
1273 1467 1413 1515 quibus
1445 1467 1478 1504 si
1509 1480 1586 1504 non
1618 1469 1763 1505 conscii
1793 1471 1893 1515 sunt,

409 1535 517 1572 nulla
558 1538 659 1571 sunt.
749 1533 967 1571 Gulielmus
1004 1533 1231 1580 „maleficii“
1275 1535 1487 1582 scribebat,
1542 1549 1655 1582 „nam
1700 1536 1894 1586 sapientes

409 1603 554 1640 nullius
585 1602 765 1639 maleficii
797 1603 971 1638 conscios
1003 1615 1086 1639 esse
1118 1602 1280 1649 debere,
1320 1616 1397 1639 non
1428 1604 1502 1641 sibi
1533 1604 1641 1650 solis,
1681 1604 1750 1641 sed
1779 1607 1818 1641 et
1846 1605 1894 1642 iis

410 1684 507 1720 quos
539 1684 716 1708 coercere
748 1671 831 1706 iure
863 1673 931 1707 aut
961 1670 1126 1720 irnperio
1158 1669 1351 1720 possint“.
1422 1671 1514 1717 Quae
1552 1672 1746 1709 sententia
1776 1683 1892 1721 quum

408 1738 499 1776 huic
529 1739 613 1776 loco
644 1751 782 1787 parum
815 1738 1050 1785 conveniret,
1083 1738 1230 1776 Ritscb.
1249 1738 1445 1788 Opusc.II
1468 1754 1504 1790 p.
1527 1740 1606 1776 720
1635 1753 1723 1776 ann.
1754 1739 1892 1787 „male-

408 1807 470 1843 fici
502 1804 602 1843 31111ιζ
638 1807 816 1856 scripsit3
863 1807 1088 1853 genetivum
1120 1808 1283 1854 retinet,
1330 1809 1420 1857 quia
1453 1809 1628 1845 conscius
1659 1807 1763 1857 apud
1794 1794 1893 1844 anti-

408 1875 563 1923 quiores
603 1876 815 1923 scriptores
854 1887 938 1911 cum
977 1873 1110 1911 dativo
1149 1876 1206 1911 rei
1244 1888 1320 1912 non
1363 1877 1561 1923 iungatur.
1637 1874 1749 1921 Quod
1792 1874 1892 1912 unde

408 1944 572 1988 noverit,
598 1944 748 1991 ignoro.
795 1941 974 1980 Genetivi
991 1955 1110 1979 unum
1129 1943 1348 1991 exemplum
1373 1947 1498 1980 exstat
1514 1943 1601 1981 Ter.
1618 1943 1773 1981 Phorm.
1795 1943 1892 1990 1563

408 2012 511 2060 apud
544 2011 725 2048 Plautum
757 2006 948 2048 conscius
978 2010 1207 2060 plerumque
1240 2011 1414 2048 absolute
1446 2012 1587 2048 dicitur
1619 2012 1726 2048 nullo
1759 2011 1892 2049 addito

408 2080 578 2126 obiecto,
635 2092 668 2117 v.
702 2078 873 2128 Langen.
907 2079 1028 2116 Beitr.
1069 2093 1105 2128 p.
1145 2080 1217 2116 121
1263 2091 1341 2129 sq.;
1387 2079 1540 2116 dativus
1587 2078 1746 2116 additur
1786 2079 1822 2116 h.
1854 2079 1891 2126 l.,

408 2151 450 2184 ut
482 2148 585 2196 apud
618 2147 774 2184 Lucret.
814 2146 891 2193 III,
936 2147 1061 2184 1018:
1120 2159 1249 2192 „mens
1295 2148 1449 2184 conscia.
1487 2145 1638 2184 factis“.
1678 2167 1731 2171 —
1775 2148 1891 2185 1235.

407 2212 673 2261 222'.s·iF1.em.,
707 2216 773 2264 qui
806 2215 910 2263 quod
940 2218 1131 2263 praeterea
1166 2227 1306 2263 „quom
1337 2215 1463 2261 lusim,
1496 2215 1551 2251 nil
1574 2212 1726 2252 morer“
1756 2214 1891 2262 edidit,
1931 2236 1937 2243 ν

408 2282 593 2319 audacius
625 2283 763 2319 fecisse
795 2283 963 2320 videtur.
1033 2282 1144 2328 Quod
1183 2279 1268 2320 lusi
1297 2284 1484 2333 scriptum
1517 2286 1586 2329 est,
1627 2295 1701 2320 non
1737 2279 1891 2330 ,‚ludo“,

407 2365 442 2388 v.
476 2350 523 2386 ad
564 2351 657 2387 229.
705 2370 757 2375 -—
808 2352 927 2388 1236.
970 2348 1161 2397 comicos,
1208 2351 1436 2398 histriones,
1485 2351 1533 2388 cf.
1573 2350 1620 2387 ad
1660 2350 1764 2388 Pers.
1798 2351 1889 2388 464.

408 2417 511 2455 Satis
543 2423 712 2461 constat,
756 2432 872 2468 quam
903 2419 1033 2468 magni
1063 2420 1249 2456 momenti
1280 2421 1320 2456 in
1353 2421 1514 2469 antiqua
1545 2418 1747 2456 comoedia
1777 2418 1892 2456 fuerit

407 2498 555 2522 morum
589 2485 767 2523 doctrina
798 2491 835 2523 et
867 2487 1148 2524 sententiarum
1180 2488 1365 2536 gravitas.
1397 2506 1448 2511 —
1486 2487 1603 2524 1237.
1636 2482 1687 2533 is,
1720 2488 1766 2524 cf.
1801 2487 1891 2524 636.

407 2573 461 2577 -
510 2554 628 2590 1238.
676 2551 962 2592 monstrabant
990 2550 1118 2603 poplo
1158 2555 1244 2592 edd.
1287 2575 1340 2580 —
1390 2556 1506 2592 1240.
1553 2550 1731 2603 Nullus,
1777 2567 1811 2592 V.
1843 2551 1892 2592 ad

343 2639 346 2641 Α
407 2620 510 2658 Men.
546 2622 609 2657 99.
643 2640 697 2646 ——
736 2622 821 2659 crat
859 2619 933 2660 illo
957 2623 1082 2671 pacto
1112 2623 1176 2669 ut,
1219 2623 1267 2659 ad
1300 2621 1437 2659 Pseud.
1473 2622 1564 2659 802.
1599 2641 1649 2646 -
1695 2623 1813 2660 1241.
1842 2630 1893 2659 ne

406 2682 631 2734 moles-&28⁸3
667 2689 713 2725 cf.
748 2691 840 2727 964.
874 2711 927 2715 -
963 2690 1080 2727 1244.
1113 2687 1177 2727 Si.
1199 2686 1304 2736 ..si‚
1337 2690 1383 2727 cf.
1415 2690 1461 2727 ad
1493 2690 1634 2739 Amph.
1672 2691 1788 2729 1065.

524 2758 641 2793 1245.
692 2753 799 2793 Illuc
829 2758 889 2793 est
919 2755 1046 2807 quod,
1086 2772 1130 2794 ea
1162 2762 1219 2795 est
1251 2771 1365 2795 causa
1397 2771 1481 2803 cur,
1515 2758 1561 2794 cf.
1596 2758 1682 2797 Cas.
1714 2759 1806 2796 439.
1838 2776 1892 2783 -

411 2825 529 2862 1246.
564 2824 729 2861 Ρ1·11ν11111
761 2838 855 2871 essu,
895 2826 999 2874 quod
1030 2827 1069 2862 in
1101 2826 1214 2863 codd.
1246 2826 1399 2874 legitur,
1441 2826 1633 2863 intellexit
1664 2825 1889 2874 Francken„
