2009 3218
660 1057 1092 1110 PROLOGUS.

745 1219 780 1259 Α
796 1222 1002 1259 returns

182 1321 262 1372 Qui
295 1325 444 1373 gentes
477 1321 616 1362 omnis
651 1322 872 1374 mariaque
906 1326 945 1362 et
979 1325 1117 1362 terras
1150 1327 1306 1373 mouet,

181 1393 286 1434 Eius
319 1407 411 1434 sum
445 1393 552 1434 ciuis
585 1393 761 1434 ciuitate
795 1393 1010 1434 caelitum.

182 1465 248 1506 Ita
280 1479 373 1506 sum
405 1451 454 1506 ut
484 1466 643 1507 uidetis
675 1464 907 1519 splendens
939 1465 1065 1506 stella
1097 1465 1296 1516 candida,

182 1537 357 1590 Signum
391 1536 504 1591 quod
537 1551 707 1591 semper
737 1544 933 1591 tempore
966 1539 1158 1579 exoritur
1190 1552 1265 1580 suo

181 1610 261 1651 Hic
293 1614 423 1664 atque
454 1610 496 1650 in
531 1609 673 1661 eaelog
706 1623 857 1651 nomen
892 1611 1075 1651 Arcturo
1108 1615 1176 1651 est
1207 1610 1324 1651 mihi.
1595 1624 1616 1656 5

179 1681 320 1724 Noctu
354 1695 447 1723 sum
479 1682 522 1723 in
555 1682 674 1723 caelo
708 1681 849 1724 clarus
882 1687 1014 1736 atque
1045 1683 1158 1723 inter
1190 1682 1305 1733 deos,

181 1754 298 1796 Inter
330 1753 525 1796 mortalis
560 1753 734 1795 ambulo
766 1754 991 1796 interdius.

180 1826 236 1867 Et
266 1827 352 1868 alia
383 1827 505 1880 signa
536 1826 588 1868 de
622 1826 740 1868 caelo
773 1827 826 1867 ad
860 1832 1021 1868 terram
1054 1827 1269 1868 accidunt.

181 1899 262 1950 Qui
295 1905 359 1940 est
390 1900 629 1952 imperator
661 1899 804 1940 diuom
837 1903 967 1952 atque
998 1898 1218 1940 hominum
1250 1899 1457 1954 Iuppiter,

180 1971 220 2012 Is
251 1985 326 2013 nos
359 1985 435 2025 per
466 1976 615 2021 gentes
647 1971 779 2012 alium
814 1970 901 2011 alia
933 1971 1142 2025 disparat,
1575 1985 1614 2017 10

181 2043 260 2094 Qui
293 2042 410 2086 facta
440 2043 675 2093 hominum,
710 2057 861 2089 mores,
895 2044 1098 2097 pietatem
1132 2048 1175 2084 et
1206 2043 1332 2085 fidem

180 2114 432 2158 Noscamus.
465 2120 512 2156 ut
545 2128 755 2168 quemque
788 2115 967 2156 adiuuet
998 2115 1230 2168 opulentia.

182 2186 263 2237 Qui
296 2186 428 2229 falsas
461 2187 550 2228 litis
583 2187 704 2228 falsis
737 2187 997 2228 testimoniis

181 2259 339 2301 Petunt
370 2261 531 2314 quique
565 2260 607 2301 in
639 2261 730 2301 iure
763 2259 967 2301 abiurant
1000 2260 1238 2313 pecuniam,

181 2331 339 2373 Eorum
373 2331 601 2374 referimus
633 2333 808 2373 nomina
840 2332 1054 2385 exscripta
1087 2332 1142 2372 ad
1173 2331 1331 2373 Iouem.
1574 2345 1614 2377 15

182 2402 351 2446 Cotidie
382 2403 454 2445 ille
487 2405 579 2453 scit,
613 2405 710 2457 quis
746 2404 812 2444 hic
845 2407 1026 2457 quaerat
1058 2399 1234 2444 malum(

183 2473 263 2524 Qui
295 2474 364 2516 hic
397 2475 514 2517 litem
547 2477 681 2529 apisci
714 2476 937 2530 postulant
971 2476 1158 2529 periurio

182 2546 297 2596 Mali,
328 2561 396 2588 res
427 2547 561 2590 falsas
594 2548 665 2602 qui
698 2549 917 2601 inpetrant
948 2547 1059 2600 apud
1093 2547 1290 2597 iudicem,

244 2743 256 2774 1
288 2751 414 2774 omnes
442 2740 471 2775 C
537 2742 556 2773 2
582 2739 684 2773 cuius
712 2738 740 2773 C
815 2743 835 2774 3
863 2740 919 2773 Ita
947 2744 984 2773 ut
1010 2739 1143 2774 uidetis
1169 2752 1247 2774 sum
1274 2740 1303 2774 G
1377 2740 1555 2785 plendens
1581 2741 1615 2775 B

129 2795 150 2829 7
175 2796 329 2831 mortale
375 2795 404 2831 C
499 2798 538 2829 lO
563 2798 683 2840 gentis
712 2796 739 2829 (J
834 2797 871 2830 17
899 2796 1038 2840 pelori«)
1065 2795 1110 2835 B.
1136 2797 1278 2841 peiurio
1306 2796 1334 2831 G
