2009 3218
364 216 446 254 438
1039 209 1162 243 Persa.

364 344 508 378 mator:
560 339 769 386 „Soranum
810 342 888 384 est,
932 351 1008 387 quo
1049 341 1277 375 ornamenta
1313 341 1522 387 portantur
1559 334 1840 374 scenicorum“.

364 428 420 433 —
464 402 703 453 Librorum,
749 405 976 443 ridicularia
1014 406 1313 451 continentium,
1363 420 1398 443 v.
1439 404 1559 442 Stich.
1599 405 1691 442 401.
1774 403 1844 441 Hae

364 476 457 513 solae
489 478 601 512 erant
629 474 794 524 parasiti
824 473 982 512 divitiae.
1014 493 1068 499 —
1101 474 1193 511 392.
1225 469 1321 510 hoe.
1343 503 1350 509 .
1372 503 1378 509 .
1398 468 1495 522 quoi
1523 469 1594 518 rei,
1626 485 1661 510 v.
1687 472 1736 509 ad
1758 471 1842 509 Mil.

367 545 459 582 624.
506 542 663 581 Trucul.
698 542 789 582 391.
829 561 882 566 —
929 542 1022 579 393.
1069 538 1196 587 dotis,
1238 556 1274 579 v.
1307 541 1355 578 ad
1385 540 1504 579 Merc.
1539 541 1630 578 695.
1669 553 1723 565 -’-
1763 535 1846 589 loyi

364 607 502 661 (logei)
534 611 615 648 sine
648 609 766 646 dubio
796 610 836 646 in
866 609 901 647 A
930 609 1022 656 fuit,
1055 622 1091 646 v.
1124 608 1249 658 Gepp.
1281 608 1391 648 Stud.
1423 607 1461 644 II
1491 621 1530 658 p.
1563 609 1628 645 82.
1660 607 1708 645 ad
1739 607 1842 645 Men.

367 681 459 717 768.
519 678 659 715 Veram
683 678 916 728 scripturam
942 677 1113 715 servavit
1136 677 1252 713 etiam
1278 676 1340 713 Ps.
1365 676 1552 713 Asconius
1576 675 1658 713 haec
1680 675 1846 713 afferens

366 749 415 785 ad
446 747 644 785 Ciceronis
674 746 793 784 verba
823 745 951 784 Divin.
982 745 1021 782 in
1045 744 1171 782 Caecil.
1203 745 1263 791 12,
1299 744 1370 781 39:
1416 743 1479 790 „Si
1508 744 1661 781 litteras
1692 743 1846 781 Graecas

365 816 544 863 Athenis,
575 828 652 852 non
683 814 859 863 Lilybaei,
891 812 1054 850 Latinas
1084 812 1230 861 Romae,
1261 824 1338 848 non
1366 813 1407 848 in
1437 810 1570 849 Sicilia
1599 809 1843 848 didicisses“.

366 884 437 921 Ille
477 883 523 920 de
560 895 754 928 sermonc3
801 881 837 919 h.
876 881 903 918 l.
941 880 1091 918 facetiae
1131 880 1272 917 Atticae
1312 879 1461 916 Sicula-s
1501 879 1618 927 longe
1663 892 1846 929 superare

366 952 566 999 dicuntur,
621 949 797 1000 quamvis
844 949 959 986 etiam
1013 947 1134 985 Siculi
1180 948 1411 985 dicacissimi
1459 946 1714 995 haberentur,
1769 946 1845 985 Cic.

368 1021 479 1058 Verr.
510 1019 575 1067 IV,
608 1019 679 1065 43,
721 1020 786 1056 95.
828 1036 883 1042 —
922 1016 1013 1054 395.
1060 1015 1156 1053 Post
1193 1013 1259 1053 uel
1296 1015 1596 1065 exspectabatur
1629 1015 1846 1063 „ditissimo

368 1085 555 1136 homini“,
586 1086 654 1125 sed
684 1085 860 1135 sequitur
889 1079 1075 1121 mendico
1106 1085 1205 1132 παρὰ
1235 1083 1466 1133 προσδοκίαν,
1500 1096 1533 1120 v.
1560 1082 1609 1119 ad
1625 1083 1733 1120 Asin.
1753 1083 1846 1121 87¹7.

369 1177 424 1182 -—
456 1157 548 1194 397.
583 1150 786 1204 quidquid
813 1152 929 1190 Both.
954 1172 1008 1177 —
1033 1153 1126 1190 398.
1159 1147 1327 1189 Bonum
1358 1161 1607 1204 aequomque
1630 1163 1735 1203 oras,
1765 1155 1791 1193 i.
1813 1168 1846 1193 e.

370 1225 486 1272 dicis,
517 1237 552 1261 v.
585 1223 632 1260 ad
664 1222 775 1272 Capt.
810 1222 902 1258 339..
934 1239 988 1244 --
1020 1216 1200 1269 Sequere
1228 1217 1312 1268 hae,
1345 1222 1384 1258 in
1409 1221 1510 1260 aedes
1535 1222 1676 1260 Toxili.
1722 1221 1845 1272 Gepp.

369 1293 480 1331 Stud.
511 1292 548 1329 II
577 1306 616 1343 p.
650 1292 701 1328 87
732 1291 772 1328 in
803 1290 837 1327 A
867 1289 981 1337 legit:
1017 1287 1391 1327 HACEREDICTO.
1426 1309 1479 1315 —
1510 1286 1684 1328 audiens
1715 1290 1760 1328 A.

484 1566 577 1604 399.
636 1565 742 1602 Leno
780 1565 820 1601 in
858 1576 1011 1601 scenam
1049 1562 1322 1612 progreditur,
1369 1562 1481 1612 eique
1519 1562 1636 1611 paulo
1674 1566 1762 1611 post
1802 1575 1848 1599 ex

372 1633 519 1672 aedibus
564 1632 766 1681 egrediens
811 1632 964 1670 obviam
1009 1630 1054 1668 fit
1098 1630 1270 1667 Toxilus.
1355 1630 1385 1667 B
1424 1629 1525 1667 hanc
1569 1643 1718 1668 scenam
1764 1630 1848 1668 cum

370 1705 549 1753 proxima
586 1702 750 1750 iungens
786 1700 877 1737 huic
916 1699 1047 1737 versui
1085 1702 1295 1747 utrumque
1325 1711 1464 1736 nomen
1496 1698 1764 1748 superscribit.
1795 1716 1849 1723 -—

372 1767 507 1809 dicam
537 1766 642 1807 hunc
671 1769 717 1807 A.
750 1788 805 1794 —
842 1769 936 1806 400.
978 1765 1161 1805 iuratust
1189 1777 1279 1805 sese
1311 1764 1429 1813 dare,
1468 1781 1503 1804 v.
1536 1766 1585 1803 ad
1614 1766 1722 1803 Asin.
1758 1764 1850 1804 597.

371 1859 426 1865 —
456 1839 550 1876 402.
585 1834 782 1883 amiserit,
816 1837 999 1884 ἀποβαλεῖ.
1037 1824 1084 1861 --’
1117 1836 1210 1873 403.
1242 1832 1352 1883 foris
1384 1834 1511 1882 Pius,

485 1907 578 1943 404.
619 1903 696 1944 isti
726 1905 785 1953 R„
819 1905 864 1942 cf.
899 1906 962 1942 86.
994 1924 1049 1929 -—
1079 1905 1173 1942 405.
1216 1898 1362 1940 Toxilo
1391 1903 1436 1940 A.
1468 1922 1524 1927 —-
1554 1898 1646 1940 Eho
1677 1901 1764 1939 Ald.
1800 1920 1848 1927 —

373 1971 514 2021 lutum,
539 1975 698 2012 cf.413.
737 1973 814 2011 Cic.
832 1973 910 2010 Pis.
930 1974 994 2019 26,
1029 1973 1100 2010 62;
1137 1971 1192 2019 „O
1209 1970 1392 2019 tencbrae,
1427 1971 1602 2019 olutum,
1636 1967 1849 2008 osordes“'.

371 2063 426 2068 —
451 2044 544 2081 406.
583 2038 861 2080 C'Omvm'oel-mn
885 2040 1017 2088 codd.;
1049 2040 1094 2078 R.
1122 2053 1167 2077 ex
1191 2039 1375 2077 Palmerii
1400 2041 1497 2076 coni.
1533 2036 1851 2086 „Commictum“,

372 2111 475 2161 quod
507 2111 633 2147 denuo
664 2110 811 2147 frustra
841 2108 1130 2147 commendavit
1160 2107 1239 2145 Leo
1271 2107 1404 2145 Herm.
1437 2106 1568 2144 XVIII
1601 2119 1639 2156 p.
1674 2107 1766 2145 566.
1798 2125 1851 2130 —

375 2175 633 2217 Stereil2'nmn
663 2178 725 2215 vel
756 2177 1026 2224 sterculinum,
1060 2178 1083 2213 i.
1117 2190 1148 2214 e.
1181 2175 1491 2225 sterquilinium,
1524 2174 1685 2223 antiqua
1714 2173 1850 2220 forma,

373 2260 410 2285 V.
430 2247 555 2285 Oasin.
578 2246 675 2292 ll4;
707 2260 779 2296 pro
796 2244 1005 2283 maledicto
1022 2246 1132 2295 ponit
1149 2245 1265 2282 etiam
1283 2243 1370 2281 Ter.
1390 2243 1548 2280 Phorm.
1570 2243 1661 2279 526.
1678 2261 1733 2267 —-
1758 2242 1851 2279 407.

377 2311 549 2361 ‚‚im'm·e,
582 2310 706 2360 iozleoe,
740 2315 810 2351 hoc
835 2318 892 2351 est
917 2313 1048 2350 vivens
1073 2314 1154 2350 sine
1178 2313 1275 2360 lege,
1308 2313 1390 2348 sine
1416 2309 1523 2348 iure“
1545 2310 1692 2347 Nonius
1716 2324 1753 2360 p.
1771 2310 1850 2346 447

373 2387 412 2420 et
442 2396 479 2432 p.
517 2384 578 2429 10,
620 2383 685 2419 ubi
716 2384 832 2419 etiam
864 2381 1007 2419 Caecilii
1038 2382 1145 2418 locus
1177 2379 1357 2417 affertur:
1409 2378 1536 2426 „Quid
1567 2391 1723 2424 narras,
1762 2378 1850 2415 bar-

372 2451 485 2497 bare,
526 2451 725 2488 indomitis
757 2463 841 2487 cum
875 2449 1047 2486 moribus
1078 2449 1310 2495 inlitterate,
1351 2443 1507 2484 inlex‘?“
1584 2441 1752 2484 inim-us
1781 2445 1852 2482 hoc

373 2532 449 2557 uno
480 2519 563 2556 loco
596 2522 741 2565 exstat,
787 2515 1001 2566 „iniurius“
1036 2518 1196 2567 saepius‚
1238 2530 1272 2554 v.
1306 2515 1352 2552 ad
1383 2514 1469 2552 Aul.
1505 2515 1598 2552 691.
1644 2513 1726 2551 Mil.
1760 2513 1850 2551 438.

374 2608 427 2613 --
459 2583 584 2635 Popli
615 2587 647 2623 A
678 2590 717 2623 et
747 2586 894 2624 Nonius
925 2600 964 2636 p.
1000 2587 1060 2623 10.
1102 2604 1156 2609 —
1201 2585 1293 2622 408.
1326 2579 1526 2631 pecnnia?
1556 2582 1767 2619 Bentleius.
1799 2599 1854 2606 —

378 2657 469 2694 409.
511 2664 687 2704 prosam,
727 2656 792 2704 qui
825 2654 1071 2705 impudenter
1101 2653 1245 2703 poscit,
1286 2664 1374 2688 nam
1405 2662 1566 2700 procare
1597 2653 1655 2686 cst
1684 2661 1854 2699 poscere,

375 2737 413 2761 v.
446 2723 558 2760 Varr.
593 2722 636 2760 L.
669 2722 712 2759 L.
747 2722 827 2767 VII,
862 2723 926 2759 80.
973 2721 1077 2759 Fest.
1104 2721 1176 2771 Ep.
1200 2733 1238 2769 p.
1266 2720 1358 2757 224.
1404 2717 1553 2755 Nonius
1583 2730 1620 2766 p.
1654 2718 1718 2763 23,
1751 2715 1855 2766 apud

378 2804 492 2842 quem
518 2790 701 2828 laudatur
718 2789 770 2826 M.
788 2788 939 2826 Tullius
965 2789 1012 2825 de
1032 2789 1124 2837 Rep.
1143 2788 1215 2825 lV:
1247 2801 1292 2834 „a
1315 2786 1526 2836 procando,
1559 2786 1582 2821 i.
1603 2799 1633 2822 e.
1659 2783 1854 2835 poscendo
