2009 3218
393 230 444 268 60
1075 229 1194 265 Plauti
1579 230 1640 274 IV,
1664 234 1696 268 4,
1721 233 1877 266 94—102

998 352 1269 396 Dordalus

391 424 494 474 Quis
526 423 637 466 fuit?
671 423 739 466 dic
769 438 938 467 nomen.

1059 504 1215 558 Uirqo

859 575 970 626 Quid
1001 575 1123 620 illum
1155 577 1356 619 miserum
1391 590 1632 629 memorem,
1664 579 1736 632 qui
1767 578 1875 620 fuit?

387 647 510 688 Nunc
529 650 572 688 et
587 645 709 688 illum
726 647 927 689 Miserum
947 652 989 689 et-
1014 661 1080 690 me
1099 647 1298 689 Miseram
1317 661 1499 702 aequom
1517 653 1582 690 est
1598 651 1874 692 nominarier.

986 726 1064 768 Do
1081 728 1142 768 νά
1154 727 1269 767 alus

389 796 672 846 Quoiusmodi
703 798 740 839 is
772 798 814 839 in
847 798 1006 852 populo
1038 798 1215 840 habitus
1247 799 1344 840 est‘?

1055 877 1093 920 U
1099 878 1212 930 iryo

1117 949 1251 991 Nemo
1285 949 1514 1003 quisquam
1545 953 1782 1005 accepti0r3
1807 963 1874 997 645

387 1020 510 1062 Serui
541 1020 754 1075 liberique
786 1020 1005 1063 amabant.

1023 1104 1242 1145 Toxilus

1052 1176 1278 1218 Hominem
1310 1177 1515 1218 miserum
1548 1177 1789 1231 praedicas,

387 1247 525 1298 Quom
557 1253 596 1290 et
626 1249 746 1303 ipsus
778 1249 912 1303 probe
945 1249 1142 1303 perditus
1175 1255 1241 1290 est
1273 1253 1315 1290 et
1346 1248 1646 1291 beneuolentis
1674 1250 1873 1304 perdidit.

998 1338 1265 1381 Dordalus

384 1396 547 1448 Emam,
582 1397 746 1450 opinor.

1022 1468 1244 1509 Toxilus

667 1540 809 1581 Etiam
846 1540 1084 1594 ,‚opinor“?
1145 1540 1320 1582 Summo
1352 1553 1508 1593 genere
1541 1554 1634 1582 esse
1666 1540 1873 1593 arbitror3

384 1612 571 1654 Diuitias
603 1615 650 1653 tu
682 1626 733 1654 ex
764 1613 875 1654 istac
905 1612 1049 1655 facies.

990 1692 1263 1734 Dordalus

1091 1764 1158 1806 Ita
1189 1764 1232 1805 di
1264 1764 1411 1806 faxint.

1020 1858 1234 1900 Post-lius

1474 1915 1576 1958 Eme
1608 1917 1749 1959 modo.

1052 1988 1208 2041 (Ην-90

380 2059 469 2100 Iam
508 2057 591 2100 hoc
629 2058 708 2100 tibi
748 2058 865 2101 dico:
911 2063 1105 2101 actutum
1147 2063 1317 2101 ecastor
1356 2073 1473 2101 meus
1507 2064 1652 2113 pater,
1698 2059 1771 2101 ubi
1803 2073 1869 2101 me

1328 2132 1435 2173 sciet
1802 2143 1869 2176 650

382 2202 604 2244 Veniuisse
636 2201 731 2252 huc,
765 2202 905 2244 aderit
936 2207 978 2244 et
1008 2216 1074 2244 me
1108 2202 1186 2244 abs
1218 2207 1261 2244 te
1292 2203 1487 2245 redimet.

1016 2297 1235 2340 Toxilus

1343 2369 1455 2419 Quid
1487 2369 1628 2411 nunc?

983 2440 1261 2482 Dordalus

1627 2497 1738 2547 Quid
1771 2498 1866 2540 est?

490 2634 556 2667 643
582 2633 755 2667 miserum
782 2643 845 2667 om.
875 2633 903 2667 C
1014 2634 1080 2666 645
1105 2632 1184 2675 Quo
1211 2633 1367 2667 lusmodi
1394 2633 1439 2677 B,
1466 2632 1705 2676 Quouismodi
1732 2632 1761 2667 C

378 2691 444 2723 647
471 2693 505 2723 et
533 2700 597 2724 om.
714 2690 780 2722 648
807 2700 947 2723 sommo
975 2701 1108 2732 genere
1135 2690 1267 2733 opinor
1294 2689 1326 2723 B
1452 2690 1518 2724 649
1545 2688 1720 2723 Diuitiast
1745 2690 1867 2723 nexist

379 2758 418 2779 uc
445 2745 479 2779 B
594 2746 703 2779 facies
731 2756 771 2779 ac
799 2745 910 2779 facies
937 2745 964 2779 (¹
1073 2746 1191 2780 faxint
1217 2751 1252 2780 te
1278 2758 1334 2780 mv
1362 2745 1392 2781 C
1511 2747 1579 2780 650
1604 2747 1673 2779 inm
1702 2751 1863 2780 actutum

377 2804 438 2837 651
471 2801 621 2836 Uenisse
649 2801 717 2835 hue
744 2802 861 2836 aderit
889 2802 946 2836 hie
1040 2804 1230 2837 absentem
1259 2803 1415 2837 redimet
