2009 3218
364 202 445 241 246
1047 197 1168 232 Plauti
1553 197 1597 240 V,
1623 199 1654 241 5,
1683 199 1800 250 11—36,
1826 199 1848 232 5

934 323 1269 374 Stephanium

367 396 476 436 Date
511 395 612 435 mihi
645 394 784 435 locum
820 393 891 435 ubi
924 393 1191 444 adcumbam,
1223 393 1390 444 amabo,
1423 395 1457 434 si
1486 394 1659 447 quidem
1686 394 1848 447 placeo.

994 472 1214 515 Stichus
1700 516 1702 518 ,

1499 529 1591 571 Tun
1625 529 1758 571 mihi?
1783 541 1850 575 ’750

935 585 1283 638 Stephanium

365 659 502 713 Cupio
534 673 629 699 cum
663 662 845 711 utroque
879 671 972 699 esse
1005 657 1109 698 mihi
1140 657 1262 698 bene.

992 736 1215 778 Stichus

1190 807 1414 862 Dispereo.
1475 808 1588 858 Quid
1619 808 1714 850 ais?

937 887 1280 938 Stephanum

1611 943 1721 994 Quid
1753 945 1848 985 est?

1004 1001 1216 1043 Stichus

365 1074 433 1115 Ita
466 1088 530 1115 me
557 1075 597 1114 di
624 1079 781 1122 ament,
814 1088 1047 1127 numquam
1077 1074 1186 1114 enim
1213 1073 1288 1115 fiet
1312 1073 1437 1115 hodie
1462 1073 1568 1114 haec
1593 1073 1694 1126 quin
1720 1072 1851 1113 saltet

1316 1150 1472 1186 tamen.

367 1218 466 1270 Age,
501 1218 638 1258 mulsa
670 1232 763 1258 mea
795 1218 1045 1266 suauitudo,
1076 1217 1210 1267 salta3
1243 1217 1412 1258 saltabo
1444 1232 1522 1269 ego
1555 1216 1692 1258 simul.

959 1295 1258 1349 Sangyu‘rz'us

368 1369 610 1423 Numquam
641 1368 796 1421 edepol
823 1383 886 1409 me
912 1369 1022 1410 istoc
1047 1369 1206 1409 uinces.
1239 1370 1340 1421 quin
1367 1383 1445 1421 ego
1471 1367 1629 1409 ibidem
1648 1368 1848 1421 pruriam.

938 1447 1276 1500 Stephanium

368 1520 411 1561 Si
444 1521 615 1574 quidem
652 1520 753 1560 mihi
786 1520 1032 1561 saltandum
1065 1526 1144 1562 est.
1177 1525 1265 1560 tum
1299 1534 1376 1560 uos
1403 1519 1502 1560 date
1527 1518 1648 1559 bibat
1671 1517 1847 1559 tibicini.

961 1598 1259 1651 Suomarius

367 1671 418 1712 Et
450 1671 623 1724 quidem
655 1672 794 1713 nobis.
840 1671 965 1723 Tene,
999 1671 1171 1720 tibicen,
1205 1671 1410 1724 primum3
1444 1670 1639 1724 postidea
1663 1671 1758 1720 loci,
1783 1681 1850 1715 ’756
1903 1679 1907 1684 ’

335 1796 346 1799 ‚
367 1743 409 1783 Si
443 1743 525 1784 hoc
557 1743 766 1792 eduxerim
800 1743 979 1797 proinde
1010 1748 1058 1784 ut
1089 1743 1333 1784 consuetu's
1366 1743 1561 1792 antehac,
1598 1742 1795 1783 celeriter
1835 1728 1840 1734 ³

369 1815 573 1869 Lepidam
600 1821 643 1857 et
669 1830 845 1856 suauem
872 1817 1110 1857 cautionem
1138 1815 1330 1868 aliquam
1363 1815 1546 1868 occipito
1573 1815 1850 1863 cinaedicam,

367 1888 447 1930 Ubi
483 1889 850 1941 perpruriscamus
883 1903 1018 1941 usque
1051 1903 1100 1928 ex
1133 1887 1385 1939 unguiculis.
1433 1887 1535 1927 Inde
1567 1887 1651 1928 huc
1681 1901 1849 1940 aquam.

407 2000 411 2004 ,
450 1959 566 2012 Tene
598 1967 642 2001 tu
675 1959 779 2010 hoc,
812 1960 944 2001 educe
976 1983 1030 1988 —-
1063 1959 1223 2000 dudum
1257 1959 1368 1999 haud
1399 1959 1562 2012 placuit
1594 1960 1735 2012 poti03
1785 1969 1852 2003 ’160

452 2031 574 2072 Nunc
609 2033 746 2072 minus
778 2023 961 2084 grauate?
990 2032 1073 2072 iam
1106 2032 1266 2084 accipit
1296 2054 1350 2058 —
1380 2035 1488 2071 tene.
1551 2030 1614 2071 Tu
1645 2031 1829 2081 interim,

451 2104 570 2144 Meus
603 2103 767 2152 oculus,
800 2103 856 2143 da
886 2103 989 2144 mihi
1022 2103 1202 2151 sanium,
1235 2102 1335 2144 dum
1367 2102 1455 2143 illic
1487 2102 1610 2144 bibit.

452 2175 533 2216 Pro
567 2176 728 2229 stipula
759 2181 824 2216 est
855 2175 1029 2216 tandem
1064 2176 1198 2216 stanti
1231 2179 1415 2216 stantem
1448 2175 1613 2216 sanium

451 2248 563 2288 Dare
594 2248 777 2288 amicum
812 2248 988 2289 amicae.

999 2318 1215 2361 Stzchus

1050 2391 1186 2443 Euge,
1219 2404 1349 2442 euge,
1381 2390 1444 2432 sic
1475 2390 1560 2431 furi
1592 2390 1730 2432 datur.

479 2528 546 2561 750
573 2530 648 2560 tuin
677 2527 705 2561 C
771 2529 832 2561 751
864 2532 1018 2571 utroque
1045 2528 1075 2561 oi
1102 2527 1189 2560 mihi
1262 2525 1350 2569 quid
1377 2536 1445 2569 ego
1520 2527 1587 2559 752
1611 2525 1674 2560 flet
1743 2525 1804 2569 qui
1826 2531 1851 2559 1'1

367 2584 505 2618 saltent
574 2585 639 2617 754
667 2584 820 2626 pluriam
848 2584 883 2618 B
964 2587 1030 2619 757
1056 2585 1224 2619 eduxerit
1298 2584 1365 2617 758
1389 2583 1638 2616 cantationem
1710 2581 1850 2627 occipio

366 2641 582 2685 cynedicam
675 2642 743 2674 760
768 2641 865 2676 haud
889 2653 955 2677 mn.
1054 2642 1115 2674 761
1145 2645 1296 2674 oramate
1324 2640 1352 2673 G
1441 2641 1507 2673 762
1532 2640 1698 2674 suauium
1786 2639 1851 2674 763

367 2697 582 2731 Prostibiles
609 2697 756 2731 tandem
784 2697 828 2739 B,
857 2699 1071 2743 prostipiles
1098 2698 1247 2732 tandem
1275 2696 1303 2731 G
1382 2697 1515 2730 stantis
1542 2700 1631 2731 antii
1649 2695 1695 2739 B,
1721 2695 1851 2731 stantis

368 2758 488 2788 autem
517 2753 545 2787 0
623 2755 698 2788 764-
717 2754 819 2797 Fuge
847 2766 938 2798 euge.
964 2756 993 2790 G
1076 2755 1166 2790 Post
1190 2756 1257 2788 764
1281 2755 1469 2794 leguntur:
1496 2752 1702 2797 Quidicitur
1726 2764 1849 2798 quam-

366 2822 474 2855 quam
502 2815 678 2854 grauatus
707 2823 779 2844 non
806 2820 907 2845 (num
933 2812 980 2853 B)
1007 2813 1132 2846 nocuit
1157 2812 1284 2854 (nocui
1312 2810 1352 2850 G)
1378 2815 1503 2845 tamen
