2009 3218
392 213 472 251 272
1077 209 1196 244 Plauti
1608 213 1657 253 Π,
1683 216 1712 258 2,
1738 217 1873 261 4e-58

995 335 1267 389 Lysiteles

387 406 448 448 De
482 420 595 456 me03
626 419 725 446 nam
758 406 871 460 quod
896 409 1017 447 tuum
1045 411 1110 448 est
1136 422 1274 448 meum
1301 411 1379 458 est,
1413 421 1535 449 omne
1561 414 1705 452 autem
1730 425 1869 454 meum

1332 483 1452 520 tuum
1483 484 1561 522 est.
1805 496 1872 529 330

1039 549 1218 591 Philto

388 606 499 656 Quid
531 608 596 647 is?
635 607 819 660 egetne‘?

994 678 1263 732 Lysiteles

820 750 942 804 Eget.

1035 829 1215 870 Philto

925 901 1145 942 Habuitne
1178 901 1298 942 rem‘?

992 980 1263 1034 Lysiteles

1278 1052 1455 1095 Habuit.

1033 1132 1216 1174 Philto

1413 1205 1494 1255 Qui
1527 1221 1619 1248 eam
1651 1207 1866 1261 perdidit?

380 1277 625 1318 Publicisue
657 1276 812 1318 adfinis
845 1275 926 1317 fuit
958 1291 1011 1317 an
1044 1277 1286 1318 maritumis
1318 1279 1533 1331 negotiis?

379 1349 695 1391 Mercaturau'?
727 1364 780 1390 an
813 1349 980 1390 uenalis
1013 1349 1177 1399 habuit,
1209 1348 1283 1390 ubi
1314 1363 1404 1396 rem
1436 1350 1656 1403 perdidit?
1726 1358 1729 1361 ’

988 1428 1255 1482 Lysiteles

377 1485 495 1526 Nihil
527 1487 722 1527 istorum.

1036 1557 1214 1599 Philto

779 1629 891 1678 Quid
922 1630 1085 1682 igitur?

988 1709 1257 1763 Lysiteles

1134 1782 1215 1823 Per
1247 1783 1494 1824 comitatem
1529 1783 1693 1836 edepol,
1726 1789 1860 1838 pater.

375 1854 608 1895 Praeterea
631 1854 902 1908 aliquantum
929 1855 1055 1894 animi
1084 1867 1215 1895 causa
1238 1855 1280 1895 in
1309 1855 1474 1896 deliciis
1501 1855 1769 1909 disperdidit.
1796 1868 1862 1902 335

1026 1933 1207 1974 Philto

375 2005 539 2059 Edepol
572 2006 785 2046 hominem
819 2006 1177 2058 praemandatum
1210 2006 1330 2047 firme
1362 2011 1404 2047 et
1435 2005 1719 2056 familiariter,

374 2078 456 2127 Qui
482 2078 656 2131 quidem
684 2091 896 2130 nusquam
917 2091 992 2131 per
1009 2078 1212 2118 uirtutem
1239 2092 1328 2118 rem
1354 2077 1565 2130 confregit
1591 2083 1722 2132 atque
1747 2083 1856 2131 eget.

372 2150 489 2190 Nihil
516 2164 659 2191 moror
684 2164 777 2191 eum
803 2149 883 2191 tibi
909 2163 1000 2191 esse
1025 2150 1208 2190 amicum
1236 2163 1330 2190 cum
1356 2150 1447 2191 eius
1473 2150 1588 2191 modi
1607 2151 1856 2192 uirtutibus.

986 2229 1250 2283 Lysiteles

373 2300 482 2351 Quia
513 2303 604 2342 sine
637 2302 751 2342 omni
784 2302 952 2343 malitia
983 2306 1060 2353 est,
1092 2301 1278 2351 tolerare
1311 2306 1550 2355 egestatem
1582 2303 1674 2344 eius
1706 2303 1818 2345 uolo.

1025 2381 1207 2422 Philto

373 2453 433 2493 De
452 2452 647 2494 mendico
667 2453 774 2494 male
801 2459 999 2503 meretur,
1027 2454 1101 2507 qui
1127 2455 1166 2495 ei
1192 2454 1268 2494 dat
1292 2453 1406 2506 quod
1426 2454 1515 2494 edit
1531 2458 1606 2495 aut
1623 2453 1765 2495 bibat:
1790 2465 1856 2499 340

483 2612 550 2644 330
575 2614 672 2644 tunsi
696 2616 812 2645 mensi
826 2610 871 2653 B,
898 2616 1000 2645 tuum
1027 2612 1216 2645 simmnum
1244 2612 1271 2646 si
1289 2611 1318 2646 G
1414 2623 1522 2646 omne
1547 2618 1665 2647 mensi
1677 2613 1721 2654 Β,
1747 2618 1853 2648 omne

370 2674 452 2700 meu
478 2669 506 2700 si
534 2667 564 2701 (J
653 2669 716 2701 331
747 2668 771 2700 C
799 2669 948 2702 habuit.
966 2677 994 2702 Ζ
1018 2669 1077 2712 qui
1105 2669 1140 2702 B
1221 2670 1286 2703 333
1312 2668 1607 2703 Mercaturamne
1632 2669 1701 2704 BG
1787 2670 1853 2704 334

369 2729 510 2757 storum
528 2724 561 2757 R
632 2725 697 2757 336
724 2725 972 2767 prm-‹linatum
1002 2725 1068 2759 BC
1134 2726 1198 2758 3:37
1223 2724 1316 2768 Quid
1342 2725 1452 2768 quide
1474 2725 1540 2760 BC
1607 2728 1673 2761 339
1698 2725 1850 2760 omneA

370 2793 407 2815 es
428 2782 472 2823 A,
500 2793 527 2813 sn
554 2780 621 2815 BC
682 2776 687 2781 Χ
711 2782 787 2814 eius
814 2787 1014 2825 egestatem
1031 2783 1061 2815 A
1156 2785 1222 2816 340
1247 2786 1310 2816 aut
1329 2782 1427 2826 quod
1451 2783 1552 2817 bibat
1565 2782 1633 2817 BC
