2009 3218
345 252 397 289 54
1027 244 1146 278 Plauti
1548 242 1611 284 IV,
1638 244 1668 285 4,
1693 241 1830 276 38——47

977 369 1195 411 Toxilus

344 431 531 482 Aequom
564 428 633 469 hic
664 431 771 468 orat.

935 497 1242 550 δίψαν-ἱππ

801 569 885 611 Uin
917 569 1025 610 bene
1057 582 1198 610 emere
1212 568 1232 608 ἱ)

953 662 1222 704 Dordalus

1239 731 1322 774 Uin
1353 736 1401 773 tu
1433 731 1581 785 pulcre
1613 732 1828 774 uendere?

979 813 1197 854 Toxilus

345 889 434 942 Ego
466 889 554 930 scio
587 886 743 933 hercle,
776 889 1007 939 utrumque
1039 884 1161 925 uelle.

951 978 1223 1020 Dordalus
1261 987 1268 996 ⁴

1156 1049 1245 1101 Age
1276 1049 1421 1090 indica
1452 1049 1738 1102 prognariter.
1763 1059 1829 1093 585

938 1130 1244 1182 Sagsaristio

348 1205 472 1246 Prius
505 1205 623 1247 dico:
656 1204 766 1245 hanc
798 1201 1026 1255 mancupio
1057 1214 1181 1242 nemo
1212 1200 1294 1241 tibi
1326 1199 1458 1242 dabit.
1519 1199 1611 1241 Iam
1643 1199 1758 1240 scis‘?

952 1295 1225 1338 Dordalus

1721 1364 1828 1407 Scio.

346 1445 506 1496 Indica,
539 1444 727 1484 minumo
761 1442 941 1483 daturus
972 1441 1045 1493 qui
1076 1440 1147 1489 sis,
1180 1438 1254 1492 qui
1285 1437 1383 1478 duci
1415 1441 1557 1491 queat.

980 1533 1201 1575 Toxilus·

347 1611 470 1662 Tace,
495 1616 613 1662 tace3
644 1610 771 1651 nimis
796 1613 844 1650 tu
861 1606 1034 1662 quidem
1051 1605 1196 1647 hercle
1213 1604 1340 1646 homo
1358 1603 1514 1645 stultus
1532 1617 1577 1645 es
1595 1602 1832 1657 pueriliter.

408 1736 414 1745 ,
954 1691 1227 1734 Dordalus

348 1754 462 1805 Quid
493 1754 586 1796 ita?

1013 1821 1230 1862 Toxilus

632 1897 744 1947 Quia
775 1896 888 1936 enim
919 1898 961 1936 te
994 1908 1045 1934 ex
1075 1892 1220 1946 puella
1251 1893 1370 1946 prius
1403 1891 1647 1945 percontari
1677 1889 1790 1937 uolo,

351 1969 471 2020 Quae
503 1969 557 2011 ad
589 1983 678 2010 rem
709 1966 914 2009 referunt.

957 2051 1228 2094 Dordalus·

713 2127 852 2179 Atque
884 2125 1027 2166 hercle
1059 2128 1107 2165 tu
1138 2137 1205 2164 me
1237 2123 1443 2164 monuisti
1475 2121 1589 2163 haud
1622 2122 1743 2163 male.
1772 2132 1838 2166 590

348 2199 456 2242 Uide
489 2199 561 2249 sis,
594 2212 672 2252 ego
703 2198 775 2239 ille
807 2198 962 2239 doctus
993 2196 1089 2237 leno
1121 2209 1258 2249 paene
1289 2195 1331 2236 in
1363 2193 1534 2236 foueam
1566 2193 1720 2243 decidi,

347 2271 402 2313 Ni
433 2271 502 2312 hio
534 2270 719 2312 adesses.
799 2268 1017 2318 Quantum
1057 2271 1122 2309 est
1153 2266 1370 2308 hominem
1403 2266 1584 2307 amicum
1618 2265 1836 2316 adhibere,

1295 2337 1370 2379 ubi
1403 2337 1507 2390 quid
1538 2351 1676 2388 geras.

983 2411 1202 2453 Toxilus

351 2487 444 2537 Quo
471 2498 624 2539 genere
649 2489 726 2526 aut
751 2498 836 2537 qua
860 2485 901 2525 in
927 2484 1071 2537 patria
1097 2486 1201 2524 nata
1225 2482 1281 2523 sit
1298 2486 1374 2523 aut
1390 2480 1545 2534 quibus
1572 2480 1837 2535 parentibus,

464 2645 530 2678 584
554 2643 680 2686 Aequo
706 2641 794 2675 mihi
821 2644 927 2675 corat
955 2640 1003 2684 Β,
1042 2652 1158 2685 aequo
1187 2641 1276 2675 mihi
1302 2641 1407 2674 curat
1432 2638 1460 2673 Ο
1620 2638 1703 2672 uine
1728 2641 1768 2672 tu
1794 2638 1838 2682 B,

352 2701 487 2736 Uiucbu
515 2699 542 2734 Ο
674 2700 740 2733 585
765 2698 858 2732 belle
884 2698 915 2731 A
1051 2699 1117 2732 588
1142 2697 1263 2732 hercle
1289 2707 1352 2732 om.
1378 2696 1422 2736 A.
1447 2694 1596 2729 hercule
1620 2694 1655 2728 B
1781 2701 1838 2729 est

353 2760 417 2792 589
443 2769 487 2791 ex
512 2757 633 2801 puella
658 2760 694 2789 te
720 2756 750 2788 A
821 2755 887 2789 590
911 2758 984 2798 atq.
1010 2755 1053 2797 A,
1080 2758 1117 2788 et
1141 2755 1202 2798 qui
1230 2753 1265 2797 G,
1292 2758 1328 2787 et
1354 2752 1500 2797 quidem
1525 2750 1560 2784 B
1634 2751 1781 2786 hercule
1805 2751 1839 2786 B

353 2816 418 2848 592
444 2813 617 2847 adhibere
643 2811 829 2846 hominum
857 2811 1012 2844 amicum
1038 2810 1103 2845 BC
1196 2812 1259 2845 593
1287 2810 1332 2844 sit
1357 2812 1442 2844 nata
1469 2807 1498 2843 C
