2009 3218
112 242 171 286 IV,
195 246 227 285 4,
253 245 364 278 4—13
803 244 922 280 Persa.
1546 253 1590 289 51

718 369 988 412 Dordalus

107 441 234 483 Haud
267 442 385 495 potui
418 443 548 483 etiam
582 442 622 483 in
655 443 792 495 primo
826 443 958 483 uerbo
993 444 1233 497 perspicere
1267 445 1538 498 sapientiam.

698 543 1004 595 Sauarism'o

105 615 216 666 Quid
250 615 306 665 id,
338 616 452 671 quod
485 615 666 658 uidisti?
698 620 747 658 ut
777 604 1011 658 moenitum
1043 631 1165 659 muro
1197 617 1276 660 tibi
1308 619 1448 661 uisum
1475 620 1595 675 oppi-

1053 689 1185 731 dum?
1530 703 1597 738 550

771 782 811 826 U
817 784 832 823 i
843 797 929 837 ryo

105 855 148 898 Si
179 855 344 897 incolae
376 856 484 898 bene
516 860 616 898 sunt
647 856 816 906 morati,
850 855 999 909 pulcre
1032 857 1264 898 moenitum
1297 858 1499 900 arbitror.

102 926 289 969 Perfidia
320 932 363 969 et
394 927 620 982 peculatus
652 942 702 970 ex
733 927 839 969 urbe
871 932 915 969 et
945 929 1133 970 auaritia
1165 930 1200 970 si
1233 930 1445 979 exsulant,

104 999 269 1050 Quarta
301 999 476 1048 inuidia,
508 1000 662 1053 quinta
693 999 885 1050 ambitio,
918 1004 1041 1042 sexta
1073 984 1352 1052 obtrectatio,

104 1072 339 1126 Septimum
372 1072 621 1125 periurium,

738 1167 924 1208 Toaeilu
937 1181 957 1205 ,ς

676 1238 808 1293 Euge.

773 1341 930 1392 Uv'rqo

861 1414 1029 1456 Octaua
1060 1415 1348 1468 indiligentia,
1528 1429 1594 1462 554

104 1486 228 1529 Nona
243 1487 411 1534 iniuria,
439 1486 674 1537 decumum,
703 1486 819 1540 quod
837 1500 1086 1540 pessumum
1103 1487 1312 1540 adgressu
1333 1494 1412 1539 est,
1439 1489 1591 1536 scelus,

105 1557 222 1601 Haeo
252 1559 365 1600 unde
397 1559 593 1607 aberunt,
626 1571 677 1599 ea
703 1557 798 1599 urbs
824 1559 1014 1600 moenita
1038 1573 1159 1602 muro
1185 1564 1254 1602 sat
1279 1561 1362 1602 erit
1387 1561 1593 1616 simplici3

107 1629 189 1672 Ubi
213 1631 409 1683 aderunt,
441 1629 711 1684 centumplex
742 1644 888 1672 murus
919 1630 1048 1672 rebus
1080 1632 1307 1674 seruandis
1335 1647 1485 1688 parum
1515 1639 1590 1676 est.

103 1788 216 1840 Quid
247 1790 313 1832 ais
346 1790 423 1831 tu?
737 1731 960 1774 Tomlus

709 1876 982 1919 Dordalus

457 1948 568 1999 Quid
601 1949 700 1991 uis?

736 2044 952 2086 Toxilus

752 2116 815 2158 Tu
845 2118 888 2158 in
920 2117 1006 2159 illis
1036 2132 1082 2160 es
1113 2118 1260 2161 decem
1292 2119 1535 2170 sodalibu83

99 2186 158 2228 Te
188 2188 231 2229 in
263 2187 458 2229 exsilium
491 2188 552 2230 ire
584 2188 684 2229 hinc
715 2193 897 2243 oportet.

708 2290 979 2333 Dordalus

886 2363 999 2414 Quid
1029 2365 1148 2406 iam?

733 2465 958 2508 Toxilus
1203 2516 1207 2520 Ι

1150 2523 1262 2574 Quia
1293 2525 1492 2578 periurus
1524 2539 1582 2568 es.

207 2653 274 2686 549
296 2649 475 2696 perficere
503 2649 531 2686 C
667 2651 734 2686 550
757 2651 940 2686 munitum
1078 2652 1236 2686 uisumst
1370 2653 1522 2697 apidum
1546 2653 1582 2688 B

95 2709 160 2742 551
183 2708 364 2743 monitum
479 2709 546 2742 552
570 2706 714 2743 Perfida
737 2707 774 2742 B
887 2709 954 2743 555
977 2707 1174 2753 adgressus
1201 2709 1286 2744 celis
1312 2708 1366 2753 B,
1404 2709 1581 2754 adgressa

96 2764 214 2799 scelus
239 2764 269 2799 G
379 2765 536 2799 556—57
559 2763 660 2799 Haec
684 2764 782 2800 unde
808 2765 974 2809 aberunt,
1001 2766 1197 2810 centuplex
1220 2777 1345 2800 murus
1371 2767 1482 2801 rebus
1509 2778 1581 2801 ser-

94 2821 226 2856 uandis
250 2832 379 2866 parum
405 2822 454 2856 sit
478 2820 547 2856 130
634 2823 702 2856 557
726 2820 796 2856 Ubi
822 2833 865 2856 ea
889 2821 1048 2857 aberunt
1071 2822 1106 2857 A
1198 2835 1345 2858 murum
1372 2823 1405 2857 A

1267 2895 1310 2929 4*
