2009 3218
353 206 434 244 292
1034 200 1152 234 Plauti
1519 199 1592 241 ΠΙ,
1620 202 1648 236 1,
1675 201 1794 245 ιο-β,
1818 204 1838 235 2

963 325 1231 366 Stasimus

354 399 494 453 Atque
525 397 722 450 equidem
753 397 874 451 ipsus
904 396 1017 438 ultro
1049 397 1170 438 uenit
1197 395 1340 438 Philto
1373 400 1543 438 oratum
1572 397 1673 439 filio.

964 512 1227 555 Callicles

354 587 588 641 Flagitium
619 585 794 641 quidem
825 585 969 628 hercle
998 585 1086 635 fiet,
1117 585 1196 626 nisi
1229 585 1306 626 dos
1340 585 1513 626 dabitur
1542 587 1712 639 uirgini.

354 659 576 701 Postremo
604 657 759 712 edepol
783 671 861 711 ego
887 658 1017 699 istam
1042 671 1132 698 rem
1159 656 1212 698 ad
1240 671 1304 698 me
1323 657 1506 698 attinere
1524 657 1740 711 intellego.
1773 669 1840 703 615

355 731 432 773 Ibo
463 731 519 772 ad
550 744 692 772 meum
723 730 1030 783 castigatorem
1063 733 1195 783 atque
1227 729 1280 770 ab
1315 743 1362 770 eo
1396 729 1623 771 consilium
1654 734 1811 783 petam.

963 846 1232 888 Stasimus

354 918 681 973 Propemodum,
706 918 819 973 ,quid
849 917 938 959 illic
969 919 1156 968 festinet,
1188 922 1329 961 sentio
1361 923 1405 960 et
1435 918 1607 961 subolet
1637 919 1758 960 mihi:

357 992 414 1035 Ut
444 1005 547 1045 agro
579 996 750 1032 euortat
781 990 1080 1039 Lesbonicum,
1113 991 1286 1044 quando
1319 991 1480 1032 euortit
1511 990 1706 1033 aedibus.

357 1065 390 1106 O
424 1078 493 1105 ere
519 1062 785 1112 Charmides,
818 1076 948 1116 quam
975 1062 1143 1104 absenti
1168 1062 1238 1104 hic
1264 1067 1341 1104 tua
1364 1077 1430 1104 res
1457 1062 1715 1104 distrahitur
1740 1062 1838 1105 tibi!

358 1136 534 1178 Utinam
566 1139 609 1176 te
641 1134 804 1175 redisse
836 1134 1000 1175 saluom
1032 1134 1216 1186 uideam,
1250 1141 1300 1176 ut
1329 1135 1526 1177 inimicos
1558 1139 1655 1176 tuos
1774 1146 1842 1179 620

358 1208 574 1250 Ulciscare
605 1211 648 1248 et
678 1206 795 1255 mihi,
828 1212 877 1246 ut
909 1219 1010 1258 erga
1042 1212 1083 1248 te
1114 1206 1175 1247 fui
1207 1212 1250 1248 et
1281 1221 1385 1256 sum,
1419 1206 1581 1248 reseras
1613 1207 1812 1260 gratiam.

357 1280 548 1321 Nimium
580 1277 799 1320 difficilest
829 1278 1010 1330 reperiri
1042 1279 1225 1319 amicum
1258 1280 1321 1320 ita
1351 1283 1398 1320 ut
1428 1293 1585 1321 nomen
1617 1278 1744 1329 cluet,

359 1352 470 1402 Quoi
502 1356 618 1392 tuam
651 1364 781 1404 quom
812 1363 900 1390 rein
933 1349 1189 1400 credideris,
1233 1351 1324 1392 sine
1356 1351 1472 1392 omni
1503 1364 1608 1392 cura
1639 1350 1840 1392 dormias.

360 1423 442 1465 Sed
474 1436 678 1476 generum
710 1426 903 1463 nostrum
935 1422 997 1462 ire
1029 1421 1220 1464 eccillum
1254 1422 1381 1464 uideo
1414 1436 1510 1463 cum
1543 1421 1676 1464 adfini
1708 1436 1798 1464 suo.

358 1495 515 1537 Nescio
547 1494 651 1548 quid
682 1508 767 1536 non
798 1493 902 1535 satis
933 1493 1045 1534 inter
1077 1507 1148 1535 eos
1180 1495 1402 1546 conuenit3
1434 1494 1560 1536 celeri
1591 1494 1728 1547 gradu
1777 1505 1844 1539 625

359 1567 475 1609 Eunt
506 1571 709 1621 uterque3
740 1565 812 1606 ille
843 1565 1124 1619 reprehendit
1155 1566 1267 1608 hunc
1297 1567 1484 1620 priorem
1517 1566 1666 1620 palli03

359 1639 487 1680 Haud
518 1638 792 1680 ineuscheme
825 1638 1070 1679 astiterunt.
1119 1638 1213 1679 Huc
1239 1638 1509 1691 aliquantum
1537 1639 1807 1690 abscesser03

360 1711 438 1753 Est
468 1710 616 1753 lubido
649 1711 886 1752 orationem
918 1710 1067 1752 audire
1100 1711 1282 1752 duorum
1314 1710 1531 1752 adfinium.

699 2018 1136 2060 ADULESCENTES
1169 2018 1219 2059 11.
1281 2018 1508 2059 SERUOS.
1812 2015 1843 2058 C

964 2147 1239 2201 Lysiteles

365 2219 441 2262 Sta
471 2220 591 2270 ilico;
623 2219 711 2260 noli
745 2225 940 2261 auorsari
972 2233 1110 2273 neque
1143 2224 1186 2261 te
1219 2218 1472 2260 occultassis
1505 2218 1619 2259 mihi.

939 2321 1270 2364 Lesbonicus

363 2394 488 2436 Potin
521 2399 568 2434 ut
599 2408 665 2434 me
697 2395 758 2435 ire
791 2408 874 2447 quo
907 2395 1123 2449 profectus
1157 2408 1247 2435 sum
1281 2392 1429 2434 sinas?

476 2553 541 2585 613
567 2551 648 2585 Isus
675 2551 703 2585 C
771 2553 837 2585 619
863 2552 1071 2586 charmides
1141 2563 1250 2595 quom
1271 2550 1314 2594 B,
1341 2550 1514 2594 quoniam
1539 2550 1569 2586 C
1634 2550 1787 2584 absente
1812 2553 1848 2584 te

363 2610 429 2643 620
454 2609 532 2642 salu
557 2607 603 2650 B,
631 2608 767 2641 saluam
798 2608 826 2642 Ο
910 2611 973 2642 621
1003 2608 1168 2643 Ulciscar
1193 2613 1232 2642 ut
1256 2607 1346 2641 mihi
1437 2608 1503 2641 622
1527 2607 1706 2651 repperiri
1732 2606 1761 2641 G

365 2666 552 2699 inimicum
668 2665 734 2698 623
759 2666 918 2698 crederis
1040 2666 1106 2699 624
1133 2664 1276 2698 ecillum
1388 2665 1454 2698 625
1480 2664 1615 2706 gradus
1720 2663 1785 2698 626
1809 2663 1845 2697 in

365 2721 496 2756 cusche
522 2732 605 2755 mea
681 2722 746 2754 627
771 2721 961 2755 abscssero
1043 2723 1109 2755 628
1135 2720 1308 2755 adfinium
1333 2720 1494 2755 Lisitelis
1521 2720 1746 2755 Lesbonicus
1771 2719 1848 2755 Sta-

365 2779 475 2813 simus
502 2778 534 2811 R
629 2777 653 2810 C
679 2775 744 2811 (im.
774 2777 803 2811 C
893 2780 959 2812 730
985 2779 1082 2822 quod
