2009 3218
327 236 407 274 268
1002 232 1121 266 Plauti
1355 254 1359 258 .
1546 229 1595 270 11,
1622 231 1650 270 1,
1675 228 1810 262 20—-36

495 357 619 407 Quod
652 357 824 407 ecbibit,
857 358 970 410 quod
1003 362 1179 408 comest,
1213 357 1325 410 quod
1356 356 1463 398 facit
1494 355 1668 408 sumpti.
1745 364 1811 398 250

495 429 589 471 Nox
622 429 768 480 datur3
801 428 976 471 ducitur
1006 429 1171 471 familia
1203 434 1307 479 tota,
1786 418 1793 427 ”

328 501 581 554 Πεδῖὶεμίοα,
615 505 780 550 unctor,
813 501 908 542 auri
935 505 1095 551 custos,
1127 499 1419 550 flabelliferae‚
1453 497 1811 551 sandahgmulae,

327 572 563 622 Cantrices,
597 572 909 621 cistellatrices,
943 573 1093 623 nuntii,
1123 572 1326 614 renuntii.

328 645 541 699 Raptores
574 646 697 699 panis
728 650 772 686 et
803 645 922 698 peni3
953 643 1003 686 fit
1032 645 1138 698 ipse,
1173 643 1274 685 dum
1306 642 1391 684 illis
1424 643 1556 684 comis
1588 646 1665 693 est,

712 716 840 769 Inops
870 721 1049 757 amator.
1748 724 1814 758 255

498 788 615 830 Haec
647 802 725 842 ego
758 802 887 841 quom
920 801 1015 829 cum
1047 788 1190 828 animo
1223 800 1316 828 meo
1346 790 1515 838 reputo,

498 860 582 902 Ubi
615 861 689 914 qui
720 864 827 913 eget,
859 872 990 913 quam
1024 859 1134 911 preti
1165 859 1222 900 sit
1253 858 1388 911 parui.

498 934 646 986 Apage
678 936 720 973 te
752 944 887 981 amor,
919 945 1005 972 non
1037 930 1194 984 places,
1224 929 1333 971 nihil
1364 935 1407 970 te
1437 916 1547 970 uter.

330 1005 601 1058 Quamquam
632 1004 740 1045 illud
772 1010 837 1044 est
869 1002 1005 1048 dulce,
1040 1016 1134 1043 esse
1167 1007 1209 1043 et
1240 1001 1401 1050 bibere,
1434 1014 1553 1042 amor
1583 1002 1718 1043 amari
1743 1001 1818 1043 dat

1278 1078 1423 1115 tamen

716 1147 830 1189 Satis
862 1146 976 1200 quod
1007 1151 1188 1200 aegrest.
1752 1157 1819 1190 260

603 1220 730 1272 Fugit
760 1219 912 1269 forum,
944 1218 1103 1272 fugitat
1134 1231 1235 1259 suos
1267 1221 1493 1270 cognatos3

603 1291 774 1345 Fugam
802 1292 885 1345 ipsi
917 1291 1051 1332 istum
1083 1289 1138 1331 ab
1171 1303 1249 1332 suo
1282 1294 1462 1330 contutu

603 1363 752 1418 Neque
784 1377 880 1405 eum
912 1362 993 1404 sibi
1025 1362 1211 1404 amicum
1243 1361 1397 1402 uolunt
1428 1360 1524 1402 dici.

604 1435 721 1478 Mille
752 1435 893 1477 modis
926 1449 1046 1475 amor
1075 1432 1374 1487 ignorandust‚

605 1508 759 1549 Procul
791 1506 1084 1548 abhibendust.
1117 1511 1246 1559 atque
1279 1504 1560 1550 abst-andus&
1756 1514 1821 1547 265

605 1580 713 1621 Nam
747 1581 820 1633 qui
852 1580 895 1620 in
928 1592 1116 1620 amorem
1149 1577 1465 1632 praecipitauit,

607 1653 734 1694 Peius
766 1652 877 1706 perit
909 1665 1039 1704 quam
1072 1652 1105 1692 si
1139 1664 1243 1692 saxo
1276 1649 1417 1699 saliat,

607 1726 754 1779 Apage
785 1730 827 1766 te
859 1737 1001 1774 am0r3
1034 1728 1135 1764 tuas
1166 1736 1234 1763 res
1266 1722 1345 1763 tibi
1376 1720 1548 1762 habeto.

505 1799 648 1848 Amor,
680 1797 842 1838 amicus
874 1795 978 1837 mihi
1008 1810 1059 1836 ne
1092 1794 1206 1846 fuas3
1238 1798 1340 1836 suut
1370 1800 1515 1834 tamen

608 1868 724 1918 Quos
758 1871 937 1911 miseros
967 1867 1165 1922 maleque
1198 1866 1373 1915 habeas,
1757 1872 1824 1906 270

507 1941 625 1991 Quos
655 1942 735 1984 tibi
767 1941 976 1983 obnoxios
1008 1940 1160 1982 fecisti.
1222 1937 1352 1981 Certa
1383 1942 1450 1979 est
1480 1951 1549 1977 res

609 2015 674 2056 Ad
705 2014 870 2068 frugem
901 2012 1122 2066 adplicare
1153 2012 1357 2060 animum,

509 2086 778 2141 Quamquam
811 2085 870 2127 ibi
902 2086 1045 2127 animo
1076 2084 1200 2126 labos
1232 2083 1407 2137 grandis
1440 2081 1621 2134 capitur.

509 2159 617 2200 Boni
649 2158 730 2200 sibi
762 2159 869 2200 haec
901 2162 1121 2212 expetunt,
1152 2171 1254 2207 rem,
1285 2155 1426 2205 fidem,
1457 2154 1674 2201 honorem,

453 2309 521 2342 250
544 2308 622 2351 Quo
650 2306 798 2340 debebit
886 2305 1045 2349 sumptui
1071 2305 1103 2337 A
1192 2304 1258 2338 252
1282 2301 1485 2345 Uestiplice
1510 2298 1578 2334 BG
1664 2300 1775 2332 uncto
1801 2294 1831 2331 0

432 2364 750 2408 scandaligerulae
766 2364 794 2398 C
867 2365 934 2397 254
959 2362 1134 2406 Raptoris
1163 2360 1191 2395 G
1269 2362 1335 2395 256
1356 2371 1425 2403 ego
1448 2370 1527 2392 cum
1552 2367 1621 2400 ago
1643 2367 1725 2390 cum
1745 2364 1826 2388 meo

343 2425 464 2459 animo
495 2427 532 2456 et
556 2421 685 2456 rectilo
712 2420 747 2454 B
771 2426 804 2456 et
830 2420 867 2462 C,
896 2419 969 2455 nisi
994 2420 1087 2462 qaod
1112 2419 1235 2453 recolo
1356 2417 1423 2450 257
1449 2415 1558 2459 pretii
1674 2413 1740 2446 258
1764 2422 1826 2455 pa-

342 2483 443 2524 lages
470 2482 507 2522 C,
535 2479 685 2523 pagales
711 2478 745 2512 B
825 2479 890 2512 259
916 2488 1038 2511 amara
1119 2476 1188 2510 tibi
1212 2474 1281 2510 BC
1359 2474 1425 2507 260
1450 2483 1561 2515 aegre
1587 2471 1635 2505 sit
1660 2470 1692 2504 A
1762 2467 1825 2502 261

342 2539 447 2582 fugat
541 2548 605 2570 uos
631 2534 699 2569 BG
782 2537 847 2568 262
872 2535 995 2577 Fugat
1077 2534 1179 2577 ipsus
1195 2558 1201 2565 .
1217 2543 1273 2567 em
1295 2531 1339 2565 ab
1356 2530 1399 2570 A,
1427 2531 1505 2573 ipse
1529 2539 1566 2561 sc·
1588 2525 1689 2561 aBG
1762 2525 1827 2558 263

344 2595 471 2638 Neque
492 2594 588 2628 euim
610 2604 691 2626 eum
708 2592 739 2626 (J
847 2593 914 2625 264
939 2590 1182 2634 ignorandum
1211 2594 1265 2623 est
1289 2587 1324 2622 B
1437 2588 1502 2620 265
1528 2583 1759 2618 adhibendus
1783 2581 1826 2622 A,

345 2651 576 2686 adhibendus
602 2653 659 2683 est
683 2647 751 2683 BG
882 2647 1103 2682 abtinendus
1129 2646 1198 2681 BG
1328 2645 1393 2678 266
1419 2654 1542 2676 amore
1564 2641 1630 2676 BG
1763 2638 1828 2673 268

346 2715 566 2745 ,ΙΠΑΙῈΤΕ
587 2707 628 2747 Α,
656 2707 686 2739 A
707 2717 796 2749 pace
819 2706 866 2739 sis
889 2705 957 2740 BC
1043 2705 1135 2741 habe
1161 2703 1229 2738 Bc
1316 2702 1382 2735 269
1406 2700 1496 2734 mihi
1523 2699 1661 2733 amicus
1686 2696 1752 2732 BG

346 2766 427 2800 suas
453 2775 614 2807 unquam
640 2763 733 2797 Sunt
760 2762 825 2797 BC
914 2764 973 2794 271
1005 2761 1178 2796 Certuust
1204 2759 1269 2794 BC
1351 2759 1418 2791 272
1443 2757 1629 2801 adplicari}
1654 2754 1688 2789 B
1763 2753 1828 2787 273

347 2825 468 2859 animo
495 2831 560 2856 om.
586 2821 619 2854 A
711 2821 776 2853 274
803 2819 912 2853 Bonis
939 2817 1004 2853 Bc

1944 2954 1958 3045 1
