2009 3218
123 238 188 280 111,
219 240 246 280 1,
271 237 405 272 22—40
818 234 938 269 Persa.
1562 238 1612 276 37

124 364 260 415 Quom
292 376 428 417 parua
458 367 560 402 natu
594 367 710 402 rec-te
743 360 963 414 praecipio
998 361 1122 413 patri.

123 435 232 478 Nam
263 434 424 476 inimici
458 432 612 474 samam
646 446 729 473 non
763 433 837 477 ita,
872 436 919 472 ut
950 435 1054 473 nata
1085 437 1162 476 est.
1197 431 1349 473 ferunt.
1547 444 1613 478 350

758 511 976 552 Saturio

122 587 293 633 Ferant,
325 591 510 640 eantque
544 585 586 626 in
618 596 863 626 maxumam
897 582 1053 624 malam
1085 595 1266 624 crucem.

122 659 215 701 Non
247 671 324 712 ego
355 657 608 699 inimicitias
641 655 778 698 ommis
812 654 946 709 pluris
980 659 1177 696 aestumo

123 731 259 782 Quam
292 743 440 772 mensa
469 730 610 772 inanis
640 741 753 770 nunc
783 728 818 768 si
850 726 1098 781 adponatur
1128 727 1244 769 mihi.

783 806 945 859 Uiryo

124 882 262 932 Pater,
296 881 515 923 hominum
547 879 804 923 immortalis
837 883 909 936 eetx
931 877 1128 929 infamia;

121 953 263 996 Etiam
294 959 386 996 tum
418 954 539 1005 uiuit,
574 967 703 1008 quom
735 966 829 994 esse
861 951 1011 994 credas
1045 955 1270 992 mortuam.
1543 964 1609 998 355

755 1031 973 1074 Saturio

122 1104 262 1156 Quid?
293 1106 461 1154 metuis,
494 1119 545 1147 ne
578 1109 620 1147 te
651 1104 865 1146 uendam‘?
899 1101 905 1110 “

785 1184 944 1237 Uir-(10

933 1255 1026 1298 Non
1060 1259 1217 1306 metuo,
1249 1259 1394 1309 pater;

123 1331 281 1373 Uerum
312 1329 555 1372 insimulari
587 1330 698 1372 nolo.

759 1409 965 1451 Saturio

774 1482 827 1523 At
858 1480 1150 1534 nequidquam
1182 1482 1318 1523 neuis.

122 1555 218 1598 Meo
249 1556 375 1597 modo
406 1556 519 1597 istuc
551 1556 692 1608 potius
722 1553 797 1595 fiet
827 1567 957 1608 quam
990 1558 1065 1595 tuo

124 1628 233 1670 Fiat.
294 1627 410 1678 Quae
442 1627 548 1669 haec
578 1641 647 1669 res
680 1625 805 1668 sunt?

784 1704 825 1748 U
829 1706 942 1759 iryo

829 1775 983 1831 Cogita
1013 1777 1095 1820 hoo
1125 1778 1318 1829 uerbum,
1353 1784 1487 1833 pater.

124 1851 232 1893 Erus
263 1852 296 1892 si
330 1851 516 1893 minatus
548 1857 613 1893 est
643 1851 804 1892 malum
835 1864 959 1892 seruo
992 1864 1080 1898 suo,
1538 1863 1606 1897 360

120 1923 312 1966 Tametsi
344 1923 387 1965 id
418 1923 610 1964 futurum
642 1937 724 1963 non
756 1927 834 1974 est,
865 1922 937 1964 ubi
971 1929 1146 1976 captum
1179 1928 1244 1965 est
1275 1923 1467 1977 flagrum,

122 1996 230 2038 Dum
261 1996 430 2038 tunicas
461 1995 595 2049 ponit,
629 1999 793 2049 quanta
823 1993 1012 2036 afficitur
1041 1996 1229 2037 miseria.

121 2066 211 2121 Ego
242 2081 368 2118 nunc⁷
401 2066 516 2121 quod
549 2081 633 2109 non
664 2066 858 2109 futurum
890 2072 968 2116 est,
999 2066 1182 2109 formido
1214 2072 1370 2110 tamen.

754 2161 970 2203 Saturio

119 2233 250 2288 Uirgo
282 2239 413 2289 atque
445 2235 598 2277 mulier
628 2234 748 2276 nulla
779 2235 872 2285 erit,
905 2234 1006 2288 quin
1039 2235 1095 2276 sit
1127 2235 1252 2284 mala,

120 2305 239 2356 Quae
271 2310 444 2360 praeter
476 2307 627 2361 sapiet,
661 2320 791 2361 quam
822 2305 964 2360 placet
995 2307 1259 2360 parentibus.
1538 2319 1604 2353 365

781 2401 821 2444 U
828 2402 940 2454 iryo

122 2471 251 2526 Uirgo
282 2477 413 2527 atque
445 2473 599 2516 mulier
630 2473 749 2515 nulla
781 2474 875 2522 erit,
909 2474 1011 2528 quin
1044 2475 1100 2516 sit
1131 2474 1256 2524 mala,

120 2542 238 2593 Quae
269 2546 433 2597 reticet,
466 2546 502 2587 si
534 2545 637 2600 quid
667 2545 759 2587 fieri
790 2559 997 2600 petuorse
1027 2546 1160 2588 uidet.

230 2704 297 2738 349
321 2710 456 2739 natura
482 2715 522 2740 ee
548 2710 582 2739 te
610 2707 637 2737 (Ι
769 2706 835 2739 350
859 2708 945 2739 nata
970 2706 1001 2740 si
1133 2707 1195 2741 351
1222 2706 1259 2740 in
1285 2718 1349 2741 om.
1377 2707 1409 2740 A
1537 2707 1602 2741 352

48 2744 51 2747 ‚
119 2760 288 2794 existimo
398 2762 464 2796 354
490 2761 655 2795 imfamia
679 2761 714 2795 B
853 2763 918 2797 355
942 2765 1025 2797 tutu
1047 2763 1076 2798 C
1190 2765 1256 2798 359
1281 2774 1530 2809 quae.eaeres
1557 2763 1600 2797 A.

120 2827 213 2859 quae
238 2817 342 2852 heres
367 2818 434 2853 BC
522 2820 582 2853 361
612 2818 750 2853 Tamen
776 2819 843 2853 etsi
935 2820 1001 2854 366
1026 2825 1104 2854 erat
