2009 3218
353 244 406 281 46
1035 237 1156 272 Plauti
1559 237 1623 277 1V÷
1649 239 1681 279 39
1708 239 1840 272 20-29

961 361 1233 404 Dordalus

757 433 883 488 Apud
915 437 970 476 te.

994 514 1204 554 Toaeilus

823 587 915 638 Ain,
947 585 1063 639 apud
1093 599 1159 626 me
1192 586 1286 626 est?

963 679 1234 721 Dordalus

935 752 1026 801 Aio,
1059 752 1246 804 inquam.
1308 750 1434 805 Apud
1466 755 1510 792 te
1541 755 1618 800 est,
1650 750 1838 803 inquam.

990 846 1210 888 Toxilus

353 921 421 962 Ita
450 934 517 962 me
551 920 593 961 di
626 923 783 969 ament,
815 924 864 959 ut
896 918 949 959 ob
982 919 1120 959 istanc
1147 931 1234 958 rem
1270 916 1351 958 tibi
1375 917 1512 958 multa
1536 916 1653 959 bona
1677 917 1843 958 instant

1304 1003 1330 1030 a
1360 1003 1438 1030 me.
1561 995 1566 998 ’
1778 1000 1844 1033 490

354 1065 461 1106 Nam
489 1068 558 1106 est
582 1077 650 1105 res
677 1062 904 1116 quaedam,
938 1075 1068 1116 quam
1094 1061 1368 1103 occultabam
1391 1060 1472 1103 tibi
1499 1061 1643 1102 dicere
1661 1084 1713 1089 —
1731 1073 1843 1101 nunc

1303 1147 1398 1175 eam
1428 1133 1618 1174 narrabo
1647 1156 1702 1162 -—-
1817 1121 1821 1124 ⁴

353 1207 474 1249 Unde
506 1212 554 1248 tu
587 1206 829 1261 pergrande
862 1206 1030 1247 lucrum
1063 1205 1212 1246 facias.
1284 1205 1457 1246 Faciam
1496 1210 1543 1246 ut
1582 1206 1664 1246 mei
1696 1205 1842 1247 memi-

1302 1278 1427 1328 neris,
1461 1277 1562 1318 dum
1594 1278 1729 1318 uitam

351 1335 499 1379 Uiuas.

967 1391 1235 1434 Dordalus

435 1465 551 1507 Bene
569 1465 697 1507 dictis
713 1466 802 1506 tuis
821 1464 930 1506 bene
948 1464 1070 1505 facta
1087 1477 1211 1506 aures
1229 1477 1351 1504 meae
1370 1462 1575 1504 auxilium
1594 1467 1843 1516 exposcunt.

991 1559 1211 1600 Tooeilus

352 1632 488 1674 Tuum
530 1633 812 1686 promeritum
855 1636 921 1673 est
959 1633 1113 1672 merito
1152 1637 1200 1671 ut
1237 1629 1417 1681 faciam;
1463 1634 1506 1670 et
1543 1635 1590 1672 ut
1630 1643 1697 1671 me
1730 1629 1841 1671 scias

1305 1716 1398 1744 esse
1428 1703 1491 1743 ita
1521 1702 1748 1743 facturum.

352 1775 555 1818 Tabellas
587 1780 685 1818 tene
717 1776 815 1826 has3
849 1776 1028 1830 pellege.

967 1854 1235 1896 Dordalus

625 1927 719 1969 Hae
752 1927 856 1981 quid
889 1927 944 1968 ad
975 1926 1073 1968 me?

991 2006 1218 2047 Toxilus

851 2079 986 2120 Immo
1019 2078 1073 2120 ad
1104 2083 1147 2120 te
1180 2077 1391 2127 adtinent,
1424 2082 1468 2118 et
1498 2082 1574 2118 tua
1605 2077 1748 2118 refert.
1777 2089 1843 2123 495

358 2151 467 2194 Nam
502 2165 551 2192 ex
584 2151 732 2192 Persia
763 2151 817 2192 ad
847 2165 914 2192 me
946 2150 1104 2192 adlatae
1137 2155 1237 2192 sunt
1268 2151 1403 2191 istaec
1436 2149 1538 2190 mihi
1570 2148 1617 2190 ab
1650 2163 1729 2191 ero.

966 2245 1009 2287 D
1019 2260 1040 2285 ο
1053 2259 1074 2285 ν
1086 2246 1112 2285 (Ι
1122 2259 1142 2286 a
1155 2245 1235 2286 lus

1375 2316 1585 2367 Quando?

993 2389 1210 2430 Tooev'lus·

1509 2444 1636 2486 Haud
1669 2445 1841 2487 dudum.

470 2582 536 2615 490
562 2581 619 2615 dei
646 2582 675 2614 Α
818 2582 924 2615 istam
951 2580 1019 2615 BC
1158 2583 1225 2616 492
1250 2582 1327 2615 uita
1355 2581 1382 2616 Ο
1515 2582 1582 2615 493
1606 2580 1717 2615 Uiuas
1741 2586 1841 2616 antc-

358 2639 496 2673 cedenti
517 2649 619 2673 versu
727 2638 914 2671 benedicis
941 2639 975 2672 R
1088 2640 1180 2673 actis
1206 2641 1239 2672 A
1352 2638 1586 2682 expostulant
1611 2637 1679 2672 BC
1778 2640 1844 2673 494

360 2696 511 2729 messias
536 2694 570 2728 B
686 2696 751 2728 495
777 2695 910 2738 pclligv
941 2695 1004 2729 ΙΝ)
1115 2696 1276 2729 alienent
1303 2696 1333 2728 A
1450 2696 1516 2729 496
1543 2709 1560 2726 ι·
1586 2695 1654 2729 BC
1759 2700 1843 2729 sunt

360 2753 473 2786 istanc
500 2751 644 2785 adlatae
670 2751 783 2784 mihi.
825 2777 850 2783 ..
965 2753 989 2784 ,21
1007 2779 1014 2785 .
1042 2753 1086 2786 :ul
1113 2764 1168 2786 nie
1196 2752 1326 2785 allatae
1352 2751 1462 2785 modo
1489 2756 1572 2785 sunt
1599 2752 1690 2786 istae
1717 2763 1737 2786 a
1761 2764 1842 2786 mec»

361 2808 510 2842 domino
535 2808 603 2841 BC
693 2807 841 2840 dubium
872 2807 899 2837 (¹
