2009 3218
177 204 226 249 Π,
251 207 283 247 2,
308 205 442 240 84—48
842 200 995 236 Stichus.
1581 202 1660 240 217

780 326 1052 368 Pinacium

936 398 1019 439 Alii
1053 398 1167 450 ligna
1199 397 1387 449 caedite;

176 474 260 517 Alii
292 473 420 527 piscis
452 468 700 522 depurgato.
735 481 842 521 quos
876 468 1045 520 piscatu
1078 466 1248 516 rettuli3
1597 480 1664 514 360

176 546 357 588 Pernam
390 549 433 586 et
463 539 682 596 glandium
715 537 885 580 demite.

765 641 1071 683 Gelasimus

879 712 956 754 Hic
988 712 1130 754 hercle
1163 712 1290 755 homo
1323 715 1504 757 nimium
1537 718 1663 770 sapit.

775 808 1063 861 Paneyyrzs

176 884 270 928 Non
302 892 483 932 ecastor,
517 889 563 923 ut
595 896 672 934 ego
705 882 870 935 opinor.
905 882 1012 922 satis
1045 895 1145 922 erae
1178 895 1339 923 morem
1370 881 1496 935 geris.

785 983 1058 1025 Pinacium

177 1058 310 1101 Immo
342 1072 409 1100 res
442 1057 578 1099 omnis
609 1055 786 1098 relictas
820 1055 958 1096 habco
993 1070 1094 1109 prae
1127 1056 1243 1110 quod
1276 1061 1321 1098 tu
1353 1057 1476 1099 uelis.

771 1158 1064 1212 Pccneuyris

177 1231 283 1275 Tum
316 1239 362 1273 tu
394 1232 539 1285 igitur,
573 1244 659 1285 qua
691 1244 820 1272 causa
855 1231 1010 1272 missus
1043 1244 1087 1272 es
1119 1231 1174 1272 ad
1208 1237 1394 1284 portum,
1426 1231 1470 1273 id
1497 1231 1664 1286 expedi.

790 1332 1059 1374 Pinacium

178 1405 339 1448 Dicam.
401 1405 635 1459 Postquam
662 1419 727 1446 me
753 1405 908 1446 misisti
935 1405 989 1446 ad
1016 1410 1188 1458 portum
1213 1418 1308 1446 cum
1332 1405 1418 1447 luci
1436 1407 1575 1455 simul,
1602 1418 1669 1452 365

178 1477 460 1521 Commodum
492 1477 690 1519 radiosus
722 1489 822 1518 ecce
856 1477 919 1518 sol
952 1477 1190 1531 superabat,
1221 1491 1272 1519 ex
1302 1479 1421 1520 mari.

178 1549 287 1591 Dum
319 1557 552 1604 percontor
584 1550 833 1603 portitores.
867 1563 1028 1602 ecquae
1061 1549 1185 1590 nauis
1219 1550 1387 1592 uenerit

178 1620 240 1662 Ex
271 1622 372 1662 Asia
402 1644 456 1650 —-
487 1627 646 1674 negant
679 1621 847 1663 uenisse
879 1644 932 1649 —
965 1621 1245 1674 conspicatus
1277 1635 1370 1662 sum
1400 1622 1573 1663 interim

179 1691 421 1743 Cercurum,
454 1707 536 1747 quo
569 1706 647 1745 ego
681 1706 746 1733 me
778 1694 984 1734 maiorem
1018 1707 1102 1734 non
1136 1693 1297 1734 uidisse
1329 1707 1496 1736 censeo.

179 1764 225 1806 In
258 1771 428 1819 portum
461 1775 589 1806 uento
623 1765 825 1810 secundo,
861 1765 955 1806 uelo
988 1779 1118 1820 passo
1151 1766 1363 1819 peruenit.
1600 1778 1668 1811 370

178 1836 298 1879 Alius
329 1837 461 1878 alium
495 1844 818 1891 percontamur:
855 1837 998 1890 ‘quoia
1029 1844 1095 1878 est
1127 1837 1279 1879 nauis?
1311 1838 1417 1892 quid
1448 1838 1610 1880 uehit?’

178 1907 356 1950 Interibi
369 1908 651 1962 Epignomum
670 1909 888 1962 conspicio
907 1916 1026 1950 tuum
1047 1909 1188 1950 uirum
1205 1917 1249 1951 et
1265 1924 1438 1952 seruom
1456 1910 1662 1952 Stichum.

772 2010 1066 2064 Paneyyris

179 2082 298 2129 Hem,
331 2084 465 2137 quid?
526 2083 808 2137 Epignomum
841 2084 1080 2125 elocutu's'?

785 2177 879 2219 Pin
893 2192 914 2219 α
927 2179 1007 2219 εἰει
1022 2193 1060 2219 m

990 2249 1127 2291 Tuum
1159 2251 1313 2292 uirum.

769 2340 1070 2382 Gelasimus

1257 2413 1313 2454 Et
1343 2414 1479 2455 uitam
1513 2427 1665 2455 meam.

290 2549 356 2583 359
380 2547 464 2582 DIN
491 2547 520 2582 G
600 2548 648 2582 ali
672 2547 708 2582 Β
796 2549 863 2582 360
887 2547 943 2581 Ali
972 2547 1006 2582 Β
1085 2549 1187 2592 quod
1212 2548 1246 2583 Β
1335 2549 1500 2590 piscator
1525 2549 1668 2583 atttulit

181 2604 244 2639 861
272 2604 438 2649 gladium
466 2604 494 2639 C
569 2605 634 2639 362
661 2605 751 2638 satis
777 2615 842 2639 oin.
872 2604 900 2639 O
973 2616 1058 2639 aere
1083 2604 1154 2642 BC
1222 2606 1289 2640 364
1313 2605 1350 2640 id
1375 2616 1441 2641 om.
1466 2605 1536 2641 BG
1602 2606 1668 2640 366

180 2660 367 2696 radioseus
392 2662 426 2696 A
497 2672 600 2696 aecae
626 2661 672 2703 A,
701 2672 781 2695 esse
806 2660 873 2695 BC
952 2663 1018 2695 367
1044 2667 1264 2706 perconctor
1282 2662 1351 2698 BG
1429 2663 1612 2708 petitores
1631 2661 1667 2696 Β

181 2716 246 2751 ³69
271 2716 339 2752 cer
363 2729 508 2753 curram
536 2717 566 2753 0
656 2730 712 2752 me
739 2728 805 2752 om.
832 2719 864 2752 A
959 2719 1022 2752 371
1050 2725 1336 2763 perconctamur
1359 2719 1427 2754 BC
1517 2721 1584 2754 372
1609 2720 1667 2753 In·

180 2773 285 2808 terim
310 2773 376 2810 BC
466 2781 571 2810 seruo
597 2775 626 2809 ft
650 2775 798 2809 hichum
824 2773 859 2808 B
951 2777 1017 2809 373
1042 2786 1080 2809 es
1106 2775 1250 2811 locutus
1277 2776 1310 2810 A
