<?xml version="1.0" encoding="UTF-8"?>
<!DOCTYPE html PUBLIC "-//W3C//DTD XHTML 1.0 Transitional//EN"
    "http://www.w3.org/TR/xhtml1/DTD/xhtml1-transitional.dtd">
<html xmlns="http://www.w3.org/1999/xhtml" xml:lang="en" lang="en">
 <head>
  <title>
</title>
<meta http-equiv="Content-Type" content="text/html;charset=utf-8" />
  <meta name='ocr-system' content='tesseract 3.04.00' />
  <meta name='ocr-capabilities' content='ocr_page ocr_carea ocr_par ocr_line ocrx_word'/>
</head>
<body>
  <div class='ocr_page' id='page_1' title='image "./comoediaerecensu05plauuoft_0177.png"; bbox 0 0 2009 3218; ppageno 0'>
   <div class='ocr_carea' id='block_1_1' title="bbox 186 193 1676 239">
    <p class='ocr_par' dir='ltr' id='par_1_1' title="bbox 186 193 1676 239">
     <span class='ocr_line' id='line_1_1' title="bbox 186 193 1676 239; baseline -0.001 -9"><span class='ocrx_word' id='word_1_1' title='bbox 186 193 248 237; x_wconf 76' lang='lat' dir='ltr'><strong>IV.</strong></span> <span class='ocrx_word' id='word_1_2' title='bbox 271 195 306 239; x_wconf 74' lang='lat'><strong>⁹1,</strong></span> <span class='ocrx_word' id='word_1_3' title='bbox 328 194 454 238; x_wconf 75' lang='lat'><strong>82—8.</strong></span> <span class='ocrx_word' id='word_1_4' title='bbox 478 194 499 228; x_wconf 82' lang='lat'><strong>5</strong></span> <span class='ocrx_word' id='word_1_5' title='bbox 863 193 1022 229; x_wconf 78' lang='lat' dir='ltr'><strong>Rudens.</strong></span> <span class='ocrx_word' id='word_1_6' title='bbox 1604 199 1676 238; x_wconf 78' lang='lat'><strong>171</strong></span> 
     </span>
    </p>
   </div>
   <div class='ocr_carea' id='block_1_2' title="bbox 182 318 1685 590">
    <p class='ocr_par' dir='ltr' id='par_1_2' title="bbox 182 318 1685 590">
     <span class='ocr_line' id='line_1_2' title="bbox 787 318 1082 362; baseline -0.003 0"><span class='ocrx_word' id='word_1_7' title='bbox 787 318 1082 362; x_wconf 75' lang='lat' dir='ltr'><strong><em>Daemones</em></strong></span> 
     </span>
     <span class='ocr_line' id='line_1_3' title="bbox 186 391 1685 446; baseline 0.003 -12"><span class='ocrx_word' id='word_1_8' title='bbox 186 391 297 434; x_wconf 85' lang='lat' dir='ltr'><strong>Illuc</strong></span> <span class='ocrx_word' id='word_1_9' title='bbox 328 397 396 434; x_wconf 87' lang='lat' dir='ltr'><strong>est</strong></span> <span class='ocrx_word' id='word_1_10' title='bbox 425 391 539 446; x_wconf 89' lang='lat' dir='ltr'><strong>quod</strong></span> <span class='ocrx_word' id='word_1_11' title='bbox 572 404 651 433; x_wconf 90' lang='lat' dir='ltr'><strong>nos</strong></span> <span class='ocrx_word' id='word_1_12' title='bbox 682 404 867 446; x_wconf 83' lang='lat' dir='ltr'><strong>nequam</strong></span> <span class='ocrx_word' id='word_1_13' title='bbox 901 392 1044 434; x_wconf 89' lang='lat' dir='ltr'><strong>seruis</strong></span> <span class='ocrx_word' id='word_1_14' title='bbox 1076 393 1249 434; x_wconf 83' lang='lat' dir='ltr'><strong>utimur.</strong></span> <span class='ocrx_word' id='word_1_15' title='bbox 1599 404 1685 438; x_wconf 85' lang='lat'>1245</span> 
     </span>
     <span class='ocr_line' id='line_1_4' title="bbox 182 462 1339 517; baseline 0.001 -12"><span class='ocrx_word' id='word_1_16' title='bbox 182 462 294 506; x_wconf 85' lang='lat' dir='ltr'><strong>Nam</strong></span> <span class='ocrx_word' id='word_1_17' title='bbox 325 463 415 506; x_wconf 86' lang='lat' dir='ltr'>illic</span> <span class='ocrx_word' id='word_1_18' title='bbox 445 477 541 506; x_wconf 87' lang='lat' dir='ltr'><strong>cum</strong></span> <span class='ocrx_word' id='word_1_19' title='bbox 573 476 709 505; x_wconf 85' lang='lat' dir='ltr'><strong>auaro</strong></span> <span class='ocrx_word' id='word_1_20' title='bbox 741 463 777 505; x_wconf 91' lang='lat' dir='ltr'><strong>si</strong></span> <span class='ocrx_word' id='word_1_21' title='bbox 808 476 893 517; x_wconf 89' lang='lat' dir='ltr'><strong>quo</strong></span> <span class='ocrx_word' id='word_1_22' title='bbox 925 475 1183 516; x_wconf 84' lang='lat' dir='ltr'><strong>congressus</strong></span> <span class='ocrx_word' id='word_1_23' title='bbox 1215 463 1339 513; x_wconf 86' lang='lat' dir='ltr'><strong>foret,</strong></span> 
     </span>
     <span class='ocr_line' id='line_1_5' title="bbox 182 534 1237 590; baseline 0 -12"><span class='ocrx_word' id='word_1_24' title='bbox 182 534 240 578; x_wconf 88' lang='lat' dir='ltr'><strong>Et</strong></span> <span class='ocrx_word' id='word_1_25' title='bbox 267 535 411 590; x_wconf 88' lang='lat' dir='ltr'><strong>ipsum</strong></span> <span class='ocrx_word' id='word_1_26' title='bbox 443 549 540 578; x_wconf 85' lang='lat' dir='ltr'><strong>sese</strong></span> <span class='ocrx_word' id='word_1_27' title='bbox 572 540 616 577; x_wconf 87' lang='lat' dir='ltr'><strong>et</strong></span> <span class='ocrx_word' id='word_1_28' title='bbox 645 534 764 578; x_wconf 91' lang='lat' dir='ltr'><strong>illum</strong></span> <span class='ocrx_word' id='word_1_29' title='bbox 797 535 902 577; x_wconf 88' lang='lat' dir='ltr'><strong>furti</strong></span> <span class='ocrx_word' id='word_1_30' title='bbox 935 534 1237 589; x_wconf 81' lang='lat' dir='ltr'><strong>adstringeret.</strong></span> 
     </span>
    </p>
   </div>
   <div class='ocr_carea' id='block_1_3' title="bbox 107 606 1253 661">
    <p class='ocr_par' dir='ltr' id='par_1_3' title="bbox 107 606 1253 661">
     <span class='ocr_line' id='line_1_6' title="bbox 107 606 1253 661; baseline 0.001 -13"><span class='ocrx_word' id='word_1_31' title='bbox 107 614 110 615; x_wconf 70' lang='grc'>’</span> <span class='ocrx_word' id='word_1_32' title='bbox 182 606 292 649; x_wconf 92' lang='lat' dir='ltr'><strong>Dum</strong></span> <span class='ocrx_word' id='word_1_33' title='bbox 323 607 531 661; x_wconf 80' lang='lat' dir='ltr'>praedam</span> <span class='ocrx_word' id='word_1_34' title='bbox 564 606 727 649; x_wconf 89' lang='lat' dir='ltr'><strong>habere</strong></span> <span class='ocrx_word' id='word_1_35' title='bbox 759 621 804 648; x_wconf 87' lang='lat' dir='ltr'><strong>se</strong></span> <span class='ocrx_word' id='word_1_36' title='bbox 836 611 1047 655; x_wconf 76' lang='lat' dir='ltr'><strong>censeret,</strong></span> <span class='ocrx_word' id='word_1_37' title='bbox 1079 608 1253 649; x_wconf 87' lang='lat' dir='ltr'><strong>interim</strong></span> 
     </span>
    </p>
   </div>
   <div class='ocr_carea' id='block_1_4' title="bbox 0 0 123 3218">
    <p class='ocr_par' dir='ltr' id='par_1_4' title="bbox 0 0 123 3218">
     <span class='ocr_line' id='line_1_7' title="bbox 0 0 123 3218; baseline 0 0"><span class='ocrx_word' id='word_1_38' title='bbox 0 0 123 3218; x_wconf 95' lang='lat' dir='ltr'><strong> </strong></span> 
     </span>
    </p>
   </div>
   <div class='ocr_carea' id='block_1_5' title="bbox 182 678 1685 877">
    <p class='ocr_par' dir='ltr' id='par_1_5' title="bbox 182 678 1685 877">
     <span class='ocr_line' id='line_1_8' title="bbox 183 678 1335 734; baseline 0 -14"><span class='ocrx_word' id='word_1_39' title='bbox 183 678 354 721; x_wconf 86' lang='lat' dir='ltr'><strong>Praeda</strong></span> <span class='ocrx_word' id='word_1_40' title='bbox 382 680 504 734; x_wconf 86' lang='lat' dir='ltr'><strong>ipsus</strong></span> <span class='ocrx_word' id='word_1_41' title='bbox 537 686 674 731; x_wconf 83' lang='lat' dir='ltr'><strong>esset3</strong></span> <span class='ocrx_word' id='word_1_42' title='bbox 707 678 873 734; x_wconf 85' lang='lat' dir='ltr'><strong>praeda</strong></span> <span class='ocrx_word' id='word_1_43' title='bbox 907 678 1110 732; x_wconf 80' lang='lat' dir='ltr'><strong>praedam</strong></span> <span class='ocrx_word' id='word_1_44' title='bbox 1143 679 1335 722; x_wconf 84' lang='lat' dir='ltr'><strong>duceret.</strong></span> 
     </span>
     <span class='ocr_line' id='line_1_9' title="bbox 182 749 1685 805; baseline 0.004 -13"><span class='ocrx_word' id='word_1_45' title='bbox 182 749 308 792; x_wconf 87' lang='lat' dir='ltr'><strong>Nunc</strong></span> <span class='ocrx_word' id='word_1_46' title='bbox 338 749 438 793; x_wconf 87' lang='lat' dir='ltr'><strong>hinc</strong></span> <span class='ocrx_word' id='word_1_47' title='bbox 470 751 585 793; x_wconf 87' lang='lat' dir='ltr'><strong>intro</strong></span> <span class='ocrx_word' id='word_1_48' title='bbox 618 751 689 793; x_wconf 93' lang='lat' dir='ltr'><strong>ibo</strong></span> <span class='ocrx_word' id='word_1_49' title='bbox 721 758 766 792; x_wconf 90' lang='lat' dir='ltr'><strong>et</strong></span> <span class='ocrx_word' id='word_1_50' title='bbox 797 750 1088 802; x_wconf 73' lang='lat' dir='ltr'><strong>sacruficab03</strong></span> <span class='ocrx_word' id='word_1_51' title='bbox 1121 751 1280 805; x_wconf 79' lang='lat' dir='ltr'>postibi</span> <span class='ocrx_word' id='word_1_52' title='bbox 1598 764 1685 798; x_wconf 80' lang='lat'>1250</span> 
     </span>
     <span class='ocr_line' id='line_1_10' title="bbox 183 821 1093 877; baseline 0 -13"><span class='ocrx_word' id='word_1_53' title='bbox 183 821 346 865; x_wconf 87' lang='lat' dir='ltr'><strong>Iubebo</strong></span> <span class='ocrx_word' id='word_1_54' title='bbox 376 822 500 864; x_wconf 89' lang='lat' dir='ltr'><strong>nobis</strong></span> <span class='ocrx_word' id='word_1_55' title='bbox 532 836 684 864; x_wconf 85' lang='lat' dir='ltr'><strong>cenam</strong></span> <span class='ocrx_word' id='word_1_56' title='bbox 715 824 920 864; x_wconf 83' lang='lat' dir='ltr'><strong>continuo</strong></span> <span class='ocrx_word' id='word_1_57' title='bbox 953 823 1093 877; x_wconf 87' lang='lat' dir='ltr'><strong>coqui.</strong></span> 
     </span>
    </p>
   </div>
   <div class='ocr_carea' id='block_1_6' title="bbox 498 1162 1365 1208">
    <p class='ocr_par' dir='ltr' id='par_1_6' title="bbox 498 1162 1365 1208">
     <span class='ocr_line' id='line_1_11' title="bbox 498 1162 1365 1208; baseline 0.002 -2"><span class='ocrx_word' id='word_1_58' title='bbox 498 1162 932 1208; x_wconf 83' lang='lat' dir='ltr'><strong><em>PLESIDIPPUS.</em></strong></span> <span class='ocrx_word' id='word_1_59' title='bbox 997 1165 1116 1208; x_wconf 86' lang='lat' dir='ltr'><strong>TRA</strong></span> <span class='ocrx_word' id='word_1_60' title='bbox 1124 1163 1365 1208; x_wconf 80' lang='lat' dir='ltr'><strong><em>GHALIO.</em></strong></span> 
     </span>
    </p>
   </div>
   <div class='ocr_carea' id='block_1_7' title="bbox 181 1289 1631 1562">
    <p class='ocr_par' dir='ltr' id='par_1_7' title="bbox 181 1289 1631 1562">
     <span class='ocr_line' id='line_1_12' title="bbox 757 1289 1109 1344; baseline 0.003 -12"><span class='ocrx_word' id='word_1_61' title='bbox 757 1289 1109 1344; x_wconf 75' lang='lat' dir='ltr'><strong>Plesidippus</strong></span> 
     </span>
     <span class='ocr_line' id='line_1_13' title="bbox 182 1361 1631 1415; baseline 0.001 -11"><span class='ocrx_word' id='word_1_62' title='bbox 182 1361 347 1405; x_wconf 88' lang='lat' dir='ltr'><strong>Iterum</strong></span> <span class='ocrx_word' id='word_1_63' title='bbox 378 1361 482 1404; x_wconf 88' lang='lat' dir='ltr'><strong>mihi</strong></span> <span class='ocrx_word' id='word_1_64' title='bbox 513 1362 650 1404; x_wconf 80' lang='lat' dir='ltr'><strong>istaec</strong></span> <span class='ocrx_word' id='word_1_65' title='bbox 682 1363 829 1404; x_wconf 87' lang='lat' dir='ltr'><strong>omnia</strong></span> <span class='ocrx_word' id='word_1_66' title='bbox 859 1364 984 1405; x_wconf 82' lang='lat' dir='ltr'><strong>itera.</strong></span> <span class='ocrx_word' id='word_1_67' title='bbox 1019 1364 1075 1404; x_wconf 90' lang='lat' dir='ltr'><strong>mi</strong></span> <span class='ocrx_word' id='word_1_68' title='bbox 1107 1363 1261 1413; x_wconf 72' lang='lat' dir='ltr'><strong>anime,</strong></span> <span class='ocrx_word' id='word_1_69' title='bbox 1296 1363 1352 1405; x_wconf 90' lang='lat' dir='ltr'><strong>mi</strong></span> <span class='ocrx_word' id='word_1_70' title='bbox 1384 1363 1631 1415; x_wconf 86' lang='lat' dir='ltr'>Trachalio,</span> 
     </span>
     <span class='ocr_line' id='line_1_14' title="bbox 181 1433 1363 1490; baseline 0.001 -15"><span class='ocrx_word' id='word_1_71' title='bbox 181 1433 242 1475; x_wconf 86' lang='lat' dir='ltr'><strong>Mi</strong></span> <span class='ocrx_word' id='word_1_72' title='bbox 271 1433 439 1483; x_wconf 88' lang='lat' dir='ltr'><strong>liberte,</strong></span> <span class='ocrx_word' id='word_1_73' title='bbox 471 1435 530 1475; x_wconf 89' lang='lat' dir='ltr'><strong>mi</strong></span> <span class='ocrx_word' id='word_1_74' title='bbox 562 1438 757 1488; x_wconf 83' lang='lat' dir='ltr'><strong>patrone,</strong></span> <span class='ocrx_word' id='word_1_75' title='bbox 788 1436 919 1476; x_wconf 89' lang='lat' dir='ltr'><strong>immo</strong></span> <span class='ocrx_word' id='word_1_76' title='bbox 951 1437 1096 1490; x_wconf 86' lang='lat' dir='ltr'><strong>potius</strong></span> <span class='ocrx_word' id='word_1_77' title='bbox 1129 1435 1186 1476; x_wconf 89' lang='lat' dir='ltr'><strong>mi</strong></span> <span class='ocrx_word' id='word_1_78' title='bbox 1217 1440 1363 1489; x_wconf 88' lang='lat' dir='ltr'><strong>pater:</strong></span> 
     </span>
     <span class='ocr_line' id='line_1_15' title="bbox 185 1495 1419 1562; baseline 0.002 -15"><span class='ocrx_word' id='word_1_79' title='bbox 185 1505 395 1560; x_wconf 88' lang='lat' dir='ltr'><strong>Repperit</strong></span> <span class='ocrx_word' id='word_1_80' title='bbox 425 1512 594 1560; x_wconf 87' lang='lat' dir='ltr'><strong>patrem</strong></span> <span class='ocrx_word' id='word_1_81' title='bbox 625 1505 854 1548; x_wconf 85' lang='lat' dir='ltr'><strong>Palaestra</strong></span> <span class='ocrx_word' id='word_1_82' title='bbox 885 1521 1009 1548; x_wconf 90' lang='lat' dir='ltr'><strong>suum</strong></span> <span class='ocrx_word' id='word_1_83' title='bbox 1029 1495 1174 1562; x_wconf 62' lang='lat' dir='ltr'><strong>&gt;atque</strong></span> <span class='ocrx_word' id='word_1_84' title='bbox 1206 1507 1419 1549; x_wconf 83' lang='lat' dir='ltr'><strong>matrem?</strong></span> 
     </span>
    </p>
   </div>
   <div class='ocr_carea' id='block_1_8' title="bbox 183 1597 1686 2109">
    <p class='ocr_par' dir='ltr' id='par_1_8' title="bbox 183 1597 1686 2109">
     <span class='ocr_line' id='line_1_16' title="bbox 792 1597 1072 1640; baseline -0.004 0"><span class='ocrx_word' id='word_1_85' title='bbox 792 1597 1072 1640; x_wconf 74' lang='lat' dir='ltr'><strong>Trachalio</strong></span> 
     </span>
     <span class='ocr_line' id='line_1_17' title="bbox 1465 1671 1686 1724; baseline -0.005 -12"><span class='ocrx_word' id='word_1_86' title='bbox 1465 1671 1686 1724; x_wconf 86' lang='lat' dir='ltr'><strong>Repperit.</strong></span> 
     </span>
     <span class='ocr_line' id='line_1_18' title="bbox 755 1740 1104 1794; baseline 0.003 -12"><span class='ocrx_word' id='word_1_87' title='bbox 755 1740 1104 1794; x_wconf 68' lang='lat' dir='ltr'><strong>Plesidippus</strong></span> 
     </span>
     <span class='ocr_line' id='line_1_19' title="bbox 183 1813 624 1868; baseline -0.002 -13"><span class='ocrx_word' id='word_1_88' title='bbox 183 1815 240 1855; x_wconf 85' lang='lat' dir='ltr'><strong>Et</strong></span> <span class='ocrx_word' id='word_1_89' title='bbox 267 1813 494 1868; x_wconf 85' lang='lat' dir='ltr'><strong>popularis</strong></span> <span class='ocrx_word' id='word_1_90' title='bbox 526 1813 624 1856; x_wconf 83' lang='lat' dir='ltr'><strong>est?</strong></span> 
     </span>
     <span class='ocr_line' id='line_1_20' title="bbox 789 1893 1072 1935; baseline 0 0"><span class='ocrx_word' id='word_1_91' title='bbox 789 1893 1072 1935; x_wconf 78' lang='lat' dir='ltr'><strong>Trachalio</strong></span> 
     </span>
     <span class='ocr_line' id='line_1_21' title="bbox 618 1963 772 2019; baseline -0.006 -12"><span class='ocrx_word' id='word_1_92' title='bbox 618 1963 772 2019; x_wconf 91' lang='lat' dir='ltr'>Opino.</span> 
     </span>
     <span class='ocr_line' id='line_1_22' title="bbox 761 2055 1112 2109; baseline 0 -12"><span class='ocrx_word' id='word_1_93' title='bbox 761 2055 1112 2109; x_wconf 70' lang='lat' dir='ltr'><strong>Plesidippus</strong></span> 
     </span>
    </p>
   </div>
   <div class='ocr_carea' id='block_1_9' title="bbox 187 2127 1685 2477">
    <p class='ocr_par' dir='ltr' id='par_1_9' title="bbox 187 2127 1685 2477">
     <span class='ocr_line' id='line_1_23' title="bbox 814 2127 1360 2182; baseline 0.004 -14"><span class='ocrx_word' id='word_1_94' title='bbox 814 2127 871 2169; x_wconf 84' lang='lat' dir='ltr'><strong>Et</strong></span> <span class='ocrx_word' id='word_1_95' title='bbox 903 2127 1006 2169; x_wconf 81' lang='lat' dir='ltr'><strong>mihi</strong></span> <span class='ocrx_word' id='word_1_96' title='bbox 1038 2132 1230 2182; x_wconf 85' lang='lat' dir='ltr'><strong>nuptura</strong></span> <span class='ocrx_word' id='word_1_97' title='bbox 1261 2128 1360 2170; x_wconf 79' lang='lat' dir='ltr'><strong>est?</strong></span> 
     </span>
     <span class='ocr_line' id='line_1_24' title="bbox 790 2207 1083 2249; baseline 0 0"><span class='ocrx_word' id='word_1_98' title='bbox 790 2207 1083 2249; x_wconf 76' lang='lat' dir='ltr'><strong>Trachalio</strong></span> 
     </span>
     <span class='ocr_line' id='line_1_25' title="bbox 1343 2277 1685 2334; baseline 0.006 -13"><span class='ocrx_word' id='word_1_99' title='bbox 1343 2277 1562 2334; x_wconf 84' lang='lat' dir='ltr'><strong>Suspicor.</strong></span> <span class='ocrx_word' id='word_1_100' title='bbox 1598 2289 1685 2323; x_wconf 79' lang='lat'>1255</span> 
     </span>
     <span class='ocr_line' id='line_1_26' title="bbox 759 2350 1262 2403; baseline -0.002 -10"><span class='ocrx_word' id='word_1_101' title='bbox 759 2350 1110 2403; x_wconf 78' lang='lat' dir='ltr'><strong>Plesidippus</strong></span> <span class='ocrx_word' id='word_1_102' title='bbox 1257 2398 1262 2402; x_wconf 32' lang='lat'><strong>⁴</strong></span> 
     </span>
     <span class='ocr_line' id='line_1_27' title="bbox 187 2417 1375 2477; baseline 0.003 -16"><span class='ocrx_word' id='word_1_103' title='bbox 187 2417 387 2463; x_wconf 77' lang='lat' dir='ltr'><strong>Censen?</strong></span> <span class='ocrx_word' id='word_1_104' title='bbox 416 2420 545 2464; x_wconf 86' lang='lat' dir='ltr'><strong>hodie</strong></span> <span class='ocrx_word' id='word_1_105' title='bbox 577 2421 868 2476; x_wconf 85' lang='lat' dir='ltr'><strong>despondebit</strong></span> <span class='ocrx_word' id='word_1_106' title='bbox 899 2435 995 2464; x_wconf 89' lang='lat' dir='ltr'><strong>eam</strong></span> <span class='ocrx_word' id='word_1_107' title='bbox 1026 2421 1145 2473; x_wconf 89' lang='lat' dir='ltr'>mihi,</span> <span class='ocrx_word' id='word_1_108' title='bbox 1177 2422 1375 2477; x_wconf 74' lang='lat' dir='ltr'><strong>quaeso?</strong></span> 
     </span>
    </p>
   </div>
   <div class='ocr_carea' id='block_1_10' title="bbox 789 2512 1598 2626">
    <p class='ocr_par' dir='ltr' id='par_1_10' title="bbox 789 2512 1598 2626">
     <span class='ocr_line' id='line_1_28' title="bbox 789 2512 1073 2555; baseline 0 -1"><span class='ocrx_word' id='word_1_109' title='bbox 789 2513 885 2554; x_wconf 86' lang='lat' dir='ltr'><strong>Tra</strong></span> <span class='ocrx_word' id='word_1_110' title='bbox 897 2512 1073 2555; x_wconf 84' lang='lat' dir='ltr'><strong>chalio</strong></span> 
     </span>
     <span class='ocr_line' id='line_1_29' title="bbox 1418 2583 1598 2626; baseline 0 0"><span class='ocrx_word' id='word_1_111' title='bbox 1418 2583 1598 2626; x_wconf 83' lang='lat' dir='ltr'><strong>Censeo.</strong></span> 
     </span>
    </p>
   </div>
   <div class='ocr_carea' id='block_1_11' title="bbox 188 2661 458 2669">
    <p class='ocr_par' dir='ltr' id='par_1_11' title="bbox 188 2661 458 2669">
     <span class='ocr_line' id='line_1_30' title="bbox 188 2661 458 2669; baseline 0 549"><span class='ocrx_word' id='word_1_112' title='bbox 188 2661 458 2669; x_wconf 95' lang='lat' dir='ltr'><strong> </strong></span> 
     </span>
    </p>
   </div>
   <div class='ocr_carea' id='block_1_12' title="bbox 188 2718 1688 2820">
    <p class='ocr_par' dir='ltr' id='par_1_12' title="bbox 188 2718 1688 2820">
     <span class='ocr_line' id='line_1_31' title="bbox 302 2718 1688 2765; baseline -0.001 -11"><span class='ocrx_word' id='word_1_113' title='bbox 302 2719 391 2754; x_wconf 78' lang='lat'>1245</span> <span class='ocrx_word' id='word_1_114' title='bbox 414 2725 611 2765; x_wconf 75' lang='lat' dir='ltr'><strong>nequaqua</strong></span> <span class='ocrx_word' id='word_1_115' title='bbox 634 2718 672 2754; x_wconf 92' lang='lat' dir='ltr'><em>B</em></span> <span class='ocrx_word' id='word_1_116' title='bbox 787 2719 875 2753; x_wconf 82' lang='lat'>1246</span> <span class='ocrx_word' id='word_1_117' title='bbox 899 2729 982 2753; x_wconf 85' lang='lat' dir='ltr'><strong>eum</strong></span> <span class='ocrx_word' id='word_1_118' title='bbox 1008 2730 1116 2754; x_wconf 84' lang='lat' dir='ltr'><strong>seruo</strong></span> <span class='ocrx_word' id='word_1_119' title='bbox 1141 2719 1172 2754; x_wconf 78' lang='lat' dir='ltr'><strong>si</strong></span> <span class='ocrx_word' id='word_1_120' title='bbox 1285 2720 1373 2754; x_wconf 78' lang='lat'>1247</span> <span class='ocrx_word' id='word_1_121' title='bbox 1397 2719 1486 2754; x_wconf 77' lang='lat' dir='ltr'><strong>forti</strong></span> <span class='ocrx_word' id='word_1_122' title='bbox 1601 2719 1688 2753; x_wconf 84' lang='lat'>1254</span> 
     </span>
     <span class='ocr_line' id='line_1_32' title="bbox 188 2773 1212 2820; baseline 0.002 -12"><span class='ocrx_word' id='word_1_123' title='bbox 188 2773 308 2820; x_wconf 82' lang='lat' dir='ltr'><strong>adque</strong></span> <span class='ocrx_word' id='word_1_124' title='bbox 334 2774 364 2811; x_wconf 82' lang='grc' dir='ltr'><em>Ο</em></span> <span class='ocrx_word' id='word_1_125' title='bbox 455 2775 542 2811; x_wconf 80' lang='lat'>1255</span> <span class='ocrx_word' id='word_1_126' title='bbox 568 2776 701 2820; x_wconf 87' lang='lat' dir='ltr'><strong>opinor</strong></span> <span class='ocrx_word' id='word_1_127' title='bbox 794 2781 958 2818; x_wconf 72' lang='lat' dir='ltr'><strong>nuptura</strong></span> <span class='ocrx_word' id='word_1_128' title='bbox 982 2779 1038 2810; x_wconf 80' lang='lat' dir='ltr'><strong>est</strong></span> <span class='ocrx_word' id='word_1_129' title='bbox 1061 2775 1153 2810; x_wconf 86' lang='lat' dir='ltr'><strong>mihi</strong></span> <span class='ocrx_word' id='word_1_130' title='bbox 1175 2774 1212 2810; x_wconf 90' lang='grc' dir='ltr'><em>Β</em></span> 
     </span>
    </p>
   </div>
  </div>
 </body>
</html>
