2009 3218
804 200 843 234 V.
870 202 1059 236 273—311.
1593 207 1672 245 629

187 331 395 377 postquam
426 327 459 364 V
489 340 527 377 p.
562 328 640 365 673
673 329 776 365 inter
806 331 982 376 nomina,
1030 343 1194 378 quorum
1234 343 1333 368 unus
1370 335 1520 368 tantum
1562 345 1672 369 casus

187 395 226 431 in
257 407 330 432 usu
360 396 424 440 sit,
469 393 682 440 „laterem“
717 398 952 442 nominavit,
994 397 1123 434 addit:
1174 399 1378 447 „quamvis
1411 404 1449 436 et
1480 399 1673 437 ablativus

186 463 268 500 eius
299 465 338 500 et
366 463 632 501 nominativus
663 467 703 501 et
734 464 978 501 accusativus
1008 465 1181 514 plurales
1220 465 1512 505 inveniuntur“.
1572 467 1670 505 Tum

185 529 301 568 affert
330 543 392 568 vv.
414 531 632 569 300—303
664 535 708 569 ut
739 531 945 578 edidimus,
978 533 1052 569 nisi
1084 533 1188 582 quod
1220 535 1258 572 in
1282 535 1406 572 altero
1430 548 1543 573 versu
1572 548 1674 584 „qua

186 598 218 635 is
251 597 326 635 hoc
356 598 404 636 ad
435 595 530 635 uos“
565 599 698 645 habet,
732 601 838 648 quod
868 600 995 637 tenuit
1026 599 1208 647 Schoell.‚
1241 605 1279 638 et
1310 603 1348 639 in
1380 607 1543 652 quarto:
1589 603 1672 649 „An

183 668 227 702 tu
258 665 451 704 ueteres“.
480 686 527 691 —
556 666 774 716 Stratyllax
806 669 1022 714 maceriam,
1056 681 1142 718 quae
1169 669 1269 706 inter
1296 669 1431 708 hortos
1454 672 1672 708 vicinorum

184 735 249 780 sit,
282 735 524 772 contrarium
555 736 692 772 testari
724 735 831 782 dicit,
865 737 1013 785 quippe
1045 748 1130 785 quae
1156 737 1321 786 singulis
1346 738 1524 775 noctibus
1549 739 1673 775 latere

183 802 310 838 minor
327 801 410 839 fiat.
428 821 482 827 —
509 803 600 840 301.
637 802 836 851 „damnis“
858 803 1005 841 frustra
1031 803 1208 841 defendit
1225 804 1290 854 Sp.
1310 805 1430 842 allato
1448 805 1586 843 Bacch.
1607 806 1670 843 64.

185 866 241 906 ad
268 869 457 907 Priscian.
518 866 632 908 uiam
662 871 709 910 A.
751 891 806 896 —
846 871 938 909 302.
978 867 1106 909 Nihil
1136 877 1175 909 et
1203 870 1384 911 maceria
1413 873 1459 910 A.
1491 892 1541 898 —
1579 874 1671 911 303.

182 933 271 975 Ain
302 936 346 975 tu
375 947 486 984 uero,
517 938 676 976 ueteres
707 934 859 977 lateres
883 940 928 976 A.
988 949 1108 978 ruere
1123 940 1245 978 Prisc.
1273 960 1326 965 —
1353 942 1443 978 304.
1482 941 1672 987 „duarum

183 1004 336 1042 rerum“
373 1006 539 1055 intelligi
572 1019 649 1044 non
680 1010 833 1056 potest3
872 1021 919 1045 ne
955 1005 1162 1054 „suarum“
1198 1009 1367 1058 quidem,
1400 1013 1445 1046 ut
1475 1008 1579 1047 Cam.
1622 1009 1670 1046 al.

183 1073 413 1121 voluerunt,
462 1075 666 1111 satisfacit.
742 1074 867 1120 Quum
906 1088 1002 1112 vero
1034 1075 1196 1114 Plautus
1237 1076 1354 1125 vulgo
1386 1076 1492 1114 dicat
1527 1077 1671 1123 „Num-

183 1154 300 1191 quam
331 1142 426 1179 mihi
458 1142 580 1179 divini
612 1142 827 1192 quidquam
859 1142 1019 1180 credas“
1061 1157 1135 1193 pro
1179 1157 1251 1189 „ne
1289 1157 1360 1193 per
1391 1144 1483 1182 deos
1515 1145 1671 1194 quidem

127 1215 133 1222 ’
182 1211 328 1247 iuranti
372 1209 467 1247 mihi
513 1208 698 1256 e1·edas“,
743 1225 778 1248 v.
820 1211 866 1247 ad
914 1211 1052 1261 Amph.
1095 1213 1195 1258 665,
1241 1212 1362 1249 Leoni
1403 1212 1505 1250 Mus.
1548 1212 1670 1249 Rhen.

182 1276 388 1315 XXXVIII
426 1292 464 1328 p.
499 1280 521 1315 2
554 1278 691 1326 credo,
736 1278 798 1315 hic
837 1292 991 1328 quoque
1031 1277 1269 1318 diuinarum
1306 1290 1446 1318 rerum
1483 1282 1672 1329 scriptum

182 1345 315 1391 fuisse,
343 1347 552 1383 contractis
571 1345 721 1384 duabus
737 1349 875 1396 primis
893 1347 1054 1395 syllabis
1072 1349 1110 1385 in
1135 1361 1265 1394 unam,
1291 1362 1326 1386 v.
1347 1348 1498 1396 Proleg.
1516 1362 1555 1398 p.
1577 1350 1670 1385 214.

180 1412 262 1450 Leo
305 1411 538 1460 ,‚dinarurn“
581 1414 741 1463 scripsit
778 1414 903 1452 forma.
941 1428 1032 1452 usus
1072 1420 1291 1462 contracta,
1336 1430 1450 1466 quarn
1496 1421 1670 1454 testatur

182 1482 321 1519 titulus
353 1481 578 1532 Spoletinus
610 1483 711 1520 Mus.
744 1482 867 1520 Rhen.
899 1483 1046 1520 XXXV
1073 1497 1112 1533 p.
1139 1485 1239 1531 6273
1273 1497 1344 1532 ego
1374 1486 1670 1535 perspicuitatis

181 1562 306 1594 causa,
339 1555 382 1587 ut
413 1550 536 1597 soleo,
577 1552 733 1600 plenam
766 1551 928 1588 formam
960 1553 1103 1589 retinui
1135 1553 1391 1590 contrahendi
1423 1566 1581 1602 operam
1612 1553 1668 1589 le-
1705 1591 1708 1594 ,

183 1618 367 1666 gentibus
399 1619 640 1668 relinquens.
671 1638 727 1643 ——
767 1620 843 1656 305
878 1633 925 1656 ex
955 1619 1002 1657 A.
1042 1639 1097 1644 —
1137 1621 1226 1657 306.
1266 1617 1358 1657 item
1390 1617 1598 1658 uiolentus
1627 1620 1672 1658 ut

184 1684 228 1722 tu
259 1686 305 1723 A.
346 1704 400 1709 —
439 1683 541 1724 IVon
572 1683 701 1733 enim,
741 1700 775 1724 V.
809 1687 856 1724 ad
889 1687 987 1724 Rud.
1023 1689 1115 1725 910.
1186 1687 1244 1724 Fl.
1282 1687 1496 1734 „noenum“
1533 1689 1669 1726 voluit.

177 1772 232 1778 —-
266 1754 358 1791 307.
393 1750 676 1792 Mmzeramlis
706 1764 792 1792 rem
825 1751 958 1803 coesse't
986 1756 1040 1802 A;
1079 1756 1396 1802 „moenerandis“
1435 1756 1525 1806 Sp.;
1562 1770 1669 1804 „mu-

180 1819 357 1858 niendis“
398 1827 487 1872 post
526 1822 692 1859 Pareum
733 1823 870 1870 vulgo,
919 1823 1023 1873 quod
1070 1824 1203 1860 eadem
1250 1825 1289 1860 vi
1327 1824 1404 1862 dici
1442 1838 1554 1875 posse
1592 1838 1668 1862 non

181 1889 310 1927 credo.
381 1891 558 1940 Apparet
589 1894 720 1927 autem
752 1891 924 1928 dativum
959 1904 1089 1929 casum
1121 1905 1215 1938 esse,
1255 1904 1332 1930 non
1363 1893 1588 1940 ablativum,
1631 1896 1671 1930 et

180 1969 311 1993 errare
329 1958 373 2004 A,
399 1959 464 2006 qui
495 1959 757 2008 „parsimonia
774 1956 1023 2008 duritiaque“
1054 1959 1213 2009 praebet.
1266 1960 1391 1997 Herus
1419 1961 1563 1998 dicitur
1588 1974 1669 1998 rem

179 2026 374 2071 coegisse,
418 2038 492 2063 non
524 2039 641 2076 quam
673 2027 943 2065 meretricibus
975 2028 1253 2077 profunderet,
1298 2029 1366 2066 sed
1398 2042 1514 2078 quam
1544 2030 1668 2079 parsi-

178 2093 313 2130 moniae
339 2097 379 2130 et
404 2093 563 2132 duritiae
589 2094 897 2133 conservandam
922 2095 1109 2133 traderet.
1129 2116 1183 2122 ——
1209 2097 1302 2134 308.
1331 2093 1386 2134 ad
1402 2106 1476 2134 uos
1499 2093 1603 2135 elam
1622 2099 1667 2134 A.

168 2168 395 2208 pessumae
430 2162 482 2198 id.
529 2182 582 2187 -
630 2164 723 2200 309.
771 2173 859 2200 eam
897 2163 1144 2201 scribendum
1183 2177 1266 2202 esse
1310 2164 1411 2201 vidit
1456 2164 1665 2212 Kiessling,

177 2225 332 2266 eoeestis
364 2229 557 2277 Kochius3
591 2226 895 2279 eoezmym'mini,
929 2226 1094 2269 ebibitis
1126 2233 1170 2278 A,
1203 2245 1238 2269 v.
1273 2232 1320 2269 ad
1352 2232 1452 2270 Rud.
1488 2233 1581 2271 569.
1617 2251 1666 2258 —

176 2291 277 2333 haec
305 2294 525 2335 mussitem
554 2299 606 2345 A,
648 2299 672 2335 i.
707 2311 739 2334 e.
772 2302 945 2345 taceam,
989 2299 1035 2336 cf.
1070 2299 1170 2337 Rud.
1207 2301 1325 2337 1016.
1362 2320 1409 2326 -
1453 2302 1545 2338 310.
1578 2297 1671 2339 Iam
1736 2323 1739 2325 -

176 2361 340 2412 quidem
369 2361 502 2404 hercle
530 2361 595 2403 ibo
627 2362 684 2404 acl
713 2360 854 2411 forum
883 2367 928 2403 A.
968 2387 1016 2392 —
1052 2368 1144 2405 311.
1178 2364 1322 2418 Neque
1353 2366 1455 2406 istuc
1486 2373 1525 2406 et
1556 2368 1668 2418 terqo

178 2432 290 2481 609θύ
319 2442 490 2471 examen
520 2430 623 2472 mali
652 2434 706 2480 A,
747 2434 852 2482 quod
884 2434 1028 2472 dicitur
1065 2440 1109 2472 ut
1148 2449 1310 2473 examen
1347 2450 1482 2487 apum,
1525 2438 1667 2483 avium,

177 2500 226 2538 al.
286 2499 379 2546 Quae
409 2501 657 2539 intercedunt
691 2502 756 2547 „in
788 2515 829 2538 se
860 2500 986 2551 gesti“
1022 2503 1155 2541 eodem
1189 2504 1303 2541 modo
1333 2506 1372 2541 in
1404 2505 1436 2541 A
1469 2508 1508 2541 et
1539 2506 1578 2542 in
1605 2503 1668 2542 BC

176 2572 364 2618 corrupta
396 2570 492 2607 mire
521 2573 725 2606 torserunt
766 2569 873 2615 edd.‚
922 2585 956 2607 v.
991 2569 1179 2618 Schoell.;
1227 2572 1436 2622 Kiessling.
1469 2572 1666 2610 intellexit

177 2635 226 2672 ad
257 2636 369 2685 teryo
401 2638 547 2687 requiri
579 2650 793 2687 pronomen
826 2640 1105 2686 possessivum,
1137 2641 1442 2689 proposuitque:
1480 2639 1561 2684 ,Ne
1593 2641 1667 2677 iste

177 2707 259 2749 tuo,
292 2704 469 2750 scelesta,
505 2703 666 2753 tergo“;'
712 2705 779 2742 sed
814 2718 949 2742 servus
974 2719 1044 2743 suo
1067 2709 1201 2756 potius
1224 2712 1335 2757 tergo
1357 2708 1498 2744 malum
1523 2709 1668 2744 instare

176 2775 314 2820 putat,
362 2773 393 2809 si
441 2778 589 2818 taceat,
638 2774 684 2810 cf.
724 2773 867 2810 Pseud.
911 2775 989 2811 500
1029 2787 1085 2823 sq.
1179 2775 1317 2824 Itaque
1364 2776 1500 2825 scripsi
1545 2771 1669 2812 huius
