2009 3218
360 167 440 205 374
1041 161 1161 196 Plauti
1580 161 1627 203 11,
1652 162 1683 204 6,
1709 162 1842 196 33—46

471 345 474 348 ⁴
941 287 1259 340 Astaphium

360 358 541 407 Adsum;
574 357 741 399 adduco
772 357 852 399 tibi
883 362 1137 412 exoptatum
1169 357 1517 410 Stratophanem.

925 458 1272 500 Phronesium

1341 529 1424 571 Ubi
1455 530 1491 569 is
1524 534 1601 577 est,
1636 530 1842 572 obsecro?

902 607 1306 662 Stratophanes

360 680 475 721 Mars
507 693 687 734 peregre
713 680 949 722 adueniens
976 680 1140 722 salut-at
1166 679 1389 721 Nerienem
1415 693 1592 720 uxorem
1618 694 1752 720 suam.
1780 692 1846 724 510

361 751 495 801 Quom
528 756 573 793 tu
606 757 722 793 recte
754 752 993 805 prouenisti
1025 764 1237 805 quomque
1269 765 1314 792 es
1347 756 1475 792 aucta
1506 751 1666 793 liberis.

359 823 576 873 Gratulor,
608 837 738 877 quom
769 822 871 863 mihi
904 822 1071 876 tibique
1103 836 1304 875 magnum
1333 823 1538 876 peperisti
1571 822 1715 865 decus.

926 917 1278 958 Phronesium

366 989 505 1039 Salue,
541 988 614 1042 qui
647 1002 711 1030 me
743 988 1014 1029 interfecisiti
1048 1002 1182 1042 paone
1214 989 1305 1029 uita
1338 991 1379 1028 et
1410 987 1579 1034 lumine,

364 1060 545 1113 Uimque
576 1060 681 1101 mihi
714 1061 857 1112 magni
891 1059 1053 1100 doloris
1086 1073 1162 1112 per
1192 1059 1459 1112 uoluptatem
1493 1067 1610 1100 tuam

364 1130 605 1173 Condidisti
629 1133 672 1172 in
699 1144 867 1184 corpus
901 1145 986 1184 quo
1010 1144 1125 1172 nune
1151 1131 1281 1171 etiam
1307 1129 1455 1171 morbo
1474 1131 1631 1171 misera
1649 1144 1756 1172 sum.
1783 1142 1848 1176 515

905 1224 1301 1277 Stratophanes

363 1298 454 1343 Eia,
488 1297 604 1339 haud
635 1297 689 1337 ab
722 1311 779 1338 re.
815 1310 908 1336 mea
939 1296 1155 1349 uoluptas,
1188 1295 1268 1336 tibi
1299 1296 1398 1336 istic
1431 1295 1607 1337 obuenit
1636 1295 1777 1345 labos;

365 1370 517 1410 Filium
550 1369 769 1422 peperisti,
803 1370 875 1422 qui
907 1367 1027 1410 aedis
1059 1367 1208 1420 spoliis
1240 1367 1431 1420 opplebit
1463 1374 1574 1408 tuas.

925 1461 1290 1502 Phronesium

365 1535 500 1576 Multo
533 1539 704 1576 ecastor
734 1534 870 1585 magis
905 1533 1091 1587 oppletis
1124 1533 1256 1574 tritici
1289 1537 1416 1585 opust
1447 1533 1670 1585 granariis

365 1606 442 1651 Ne
474 1606 547 1647 ille
579 1606 698 1658 prius
730 1619 858 1659 quam
892 1604 1031 1659 spolia
1058 1605 1215 1658 capiat,
1246 1603 1344 1645 hine
1369 1617 1447 1645 nos
1473 1605 1679 1645 exstinxit
1702 1605 1851 1644 fames.

907 1698 1304 1751 Stratophanes

373 1771 493 1812 Habe
525 1771 685 1812 bonum
716 1772 917 1812 animum.

932 1865 1290 1907 Phronesium

738 1937 914 1978 Sauiurn
947 1938 1006 1978 sis
1037 1936 1139 1977 hinc
1171 1948 1280 1989 pet-e.
1342 1935 1407 1976 Ah
1438 1949 1604 1989 nequeo
1636 1939 1764 1987 caput
1789 1943 1855 1977 520

368 2009 558 2059 Tollere3
590 2010 651 2049 ita
685 2008 802 2049 dolet
832 2009 979 2062 itaque
1013 2021 1141 2061 aegre
1174 2021 1327 2049 moneo
1359 2020 1495 2059 neque
1528 2007 1657 2048 etiam
1689 2017 1798 2058 queo

370 2080 560 2122 Pedibus
594 2094 684 2121 mea
719 2084 871 2133 sponte
903 2079 1138 2121 ambulare.

911 2181 1316 2235 Stratophanes

1145 2251 1189 2293 Si
1221 2251 1362 2293 hercle
1396 2265 1460 2292 me
1494 2265 1544 2292 ex
1579 2249 1716 2291 medio
1749 2249 1855 2290 mari
1908 2253 1909 2256 ’

483 2390 547 2422 509
573 2388 711 2422 adduce
788 2391 906 2422 strato
932 2399 1025 2432 pane
1050 2386 1098 2430 B,
1127 2389 1369 2430 stratopauen
1397 2385 1427 2420 G
1503 2384 1640 2419 nubilis
1665 2388 1719 2417 est
1789 2383 1854 2416 510

370 2445 518 2479 neriene
546 2451 683 2480 uoxore
709 2445 742 2479 B
824 2445 886 2478 511
915 2455 1099 2488 quamqua
1181 2443 1248 2476 512
1274 2442 1401 2476 deristi
1490 2442 1555 2474 513
1584 2444 1622 2474 ut
1646 2441 1724 2474 ulta
1746 2437 1791 2482 B,
1817 2442 1856 2472 ut

371 2502 466 2535 ultra
491 2500 520 2535 C
586 2502 652 2534 514
676 2499 816 2544 Quique
840 2501 890 2535 ibi
971 2501 1036 2535 516
1062 2500 1146 2534 Cela
1172 2499 1218 2533 ad
1243 2499 1290 2532 ob
1315 2509 1390 2532 rem
1460 2497 1614 2532 obuenit
1639 2496 1743 2530 labos
1766 2495 1858 2530 isteo

371 2559 438 2592 517
465 2557 634 2601 oppleuit
716 2559 782 2592 518
808 2568 900 2601 opus
926 2560 983 2591 est
1007 2556 1125 2591 tritici
1206 2554 1393 2598 granareis
1418 2553 1461 2596 B,
1489 2553 1651 2597 granarii
1677 2551 1705 2587 Ο
1793 2551 1859 2585 520

373 2613 524 2647 Habebo
550 2617 779 2647 unumanunt
885 2613 1050 2648 suauium
1079 2611 1107 2647 G
1209 2614 1295 2655 pete
1321 2611 1407 2645 hinc
1433 2611 1478 2644 ab
1579 2610 1641 2643 521
1670 2609 1721 2642 ita
1746 2607 1794 2642 do
1819 2609 1858 2641 ut

485 2680 554 2713 ego
579 2669 725 2703 medulo
751 2668 796 2711 B,
821 2680 890 2712 ego
917 2681 975 2703 me
999 2668 1088 2702 dolo
1116 2667 1145 2703 C'
1256 2667 1321 2701 elia
1349 2666 1394 2708 Β,
1421 2667 1490 2699 iam
1519 2665 1547 2700 C
1671 2665 1737 2699 522
1761 2673 1857 2698 meaa

373 2727 498 2771 ponite
524 2725 560 2760 B
653 2725 718 2773 sih·
736 2725 842 2769 plane
936 2725 1051 2759 maria
1077 2724 1104 2759 C
