2009 3218
177 239 204 279 Ι,
233 242 262 282 1,
288 239 422 274 50—64
871 237 990 272 Perna.
1615 241 1662 278 15

812 362 1032 405 Saturio

1062 435 1143 477 Res
1177 436 1238 476 ita
1268 440 1346 477 est.

808 530 1028 572 Toaeilus

179 601 256 642 Hic
287 601 384 644 leno
417 616 555 656 neque
586 607 628 644 te
662 603 785 644 nouit
816 616 954 656 neque
988 606 1162 656 gnatam
1196 602 1344 642 tuam?

815 704 1036 747 Saturio

176 775 244 818 Me
276 781 324 818 ut
355 777 580 831 quisquam
613 777 727 819 norit
757 777 840 819 nisi
871 776 957 829 ille,
989 777 1065 831 qui
1096 776 1278 831 praebet
1308 776 1480 818 cibum?

813 878 1035 921 Toxilus

144 994 149 1000 ,
175 950 243 992 Ita
274 954 351 992 est.
414 950 505 992 Hoc
536 956 583 992 tu
618 951 719 993 mihi
752 952 943 1006 neperire
974 957 1199 1005 argentum
1232 955 1370 1006 potes.

819 1053 1032 1096 Saturio

177 1124 311 1180 Cupio
343 1125 498 1168 hercle.

816 1214 1032 1256 Toxilus

559 1285 665 1326 Tum
698 1290 745 1326 tu
777 1300 841 1327 rue
874 1287 965 1328 siue
997 1285 1114 1327 illam
1145 1285 1347 1327 uendere.
1604 1295 1666 1330 135

818 1388 879 1430 Sa
894 1389 1030 1430 turio

175 1459 269 1501 Tun
301 1459 418 1501 illam
450 1460 644 1501 uendas‘?

813 1547 1031 1589 Toxilus

709 1619 843 1661 Immo
875 1619 1006 1661 alium
1039 1619 1310 1673 adlegansro,

178 1691 258 1741 Qui
291 1691 464 1742 uendat,
497 1691 572 1745 qui
604 1705 698 1733 esse
729 1705 774 1734 se
806 1692 1079 1746 peregrinum
1110 1690 1346 1746 praedicet,

178 1762 300 1805 Sicut
329 1764 426 1805 istic
457 1763 554 1805 leno
586 1777 671 1805 non
704 1778 778 1806 sex
811 1765 969 1806 mensis
1001 1762 1246 1818 Megaribus

180 1835 276 1876 Huc
307 1839 373 1877 est
405 1849 534 1890 quom
567 1836 863 1890 conmigrauit.

817 1937 1031 1981 Saturio

919 2010 1106 2052 Pereunt
1135 2010 1366 2064 reliquiae3

179 2083 402 2125 Posterius
434 2083 546 2124 istuc
577 2087 719 2125 tamen
752 2088 909 2138 potest.

817 2178 1035 2220 Tooeilus

953 2249 1063 2301 Scin,
1096 2262 1222 2304 quam
1256 2249 1429 2302 potest?
1607 2261 1671 2294 140

178 2322 421 2375 Numquam
453 2321 595 2364 hercle
626 2322 755 2363 hodie
787 2322 856 2363 hic
887 2323 1007 2376 prius
1040 2321 1144 2372 edis,
1176 2335 1228 2363 ne
1258 2320 1419 2362 frustra
1451 2321 1521 2372 sis,

180 2392 317 2442 Quam
349 2398 393 2436 te
424 2394 506 2435 hoc
536 2393 770 2441 facturum,
803 2393 919 2446 quod
950 2407 1068 2446 rogo,
1100 2392 1304 2435 adfirmas
1335 2391 1459 2443 mihi3

179 2466 322 2519 Atque
352 2466 435 2507 nisi
466 2470 641 2519 gnatam
673 2470 816 2507 tecum
847 2465 932 2506 huc
964 2466 1047 2506 iam
1081 2469 1290 2519 quantum
1323 2469 1467 2519 potest

179 2537 385 2587 Adducis,
418 2539 586 2590 exigam
619 2537 762 2578 hercle
795 2551 874 2591 ego
906 2542 948 2578 te
981 2551 1032 2579 ex
1063 2537 1145 2579 hac
1177 2538 1365 2579 decuria.

180 2607 291 2658 Quid
323 2609 467 2650 nunc?
498 2610 601 2663 quid
635 2610 730 2650 est?
763 2610 866 2662 quin
899 2609 1016 2652 dicis.
1051 2609 1154 2663 quid
1185 2609 1382 2651 facturus
1415 2609 1504 2650 sis?
1605 2621 1669 2653 145

298 2769 361 2802 135
386 2767 519 2802 uedere
545 2766 580 2800 B
689 2766 750 2799 137
777 2765 888 2800 uedat
911 2765 946 2799 B
1042 2767 1255 2811 pergi-inum
1280 2765 1317 2801 B
1417 2768 1481 2802 138
1505 2766 1668 2802 nondum

180 2835 243 2859 nex
268 2835 412 2859 menses
509 2825 568 2857 141
595 2822 689 2857 sedis
786 2824 849 2857 143
875 2826 1040 2866 quautua
1064 2822 1109 2866 B,
1137 2834 1245 2867 quam
1270 2822 1348 2858 Tua
1375 2823 1404 2857 0
