2009 3218
183 170 242 211 lv,
268 172 297 207 2.
323 170 474 204 89—101
797 166 1042 200 Trinummus.
1580 167 1662 205 313

763 290 1079 333 Charmides

187 367 271 410 Eho
304 381 356 409 au
390 366 516 407 etiam
550 363 709 406 Arabia
741 367 808 404 est
838 363 878 403 in
914 362 1079 403 Ponto?

748 457 1094 511 Sycophanta

906 528 1004 577 Est.;
1036 542 1118 568 non
1154 527 1228 569 illa
1260 528 1331 569 ubi
1364 533 1432 569 tus
1464 529 1667 581 gignitur,

185 604 264 646 Sed
296 603 368 645 ubi
404 601 665 657 apsinthium
696 601 744 642 fit
775 605 905 654 atque
939 599 1084 641 cunila
1114 599 1366 651 gallinacea.
1604 613 1670 645 935

763 693 1075 736 Charmides

183 769 367 811 Nimium
409 767 661 822 graphicum
701 766 812 808 bunc
852 770 1118 817 nugatorem.
1191 765 1273 807 Sed
1316 780 1393 819 ego
1434 781 1524 808 sum
1566 768 1668 807 insi-

1127 837 1325 891 pientior,

184 911 284 962 Qui,
316 916 483 964 egomet
516 910 626 953 unde
658 910 856 953 redeam.
897 908 1008 950 hunc
1038 909 1240 963 rogitem,
1281 923 1390 964 quae
1423 923 1501 962 ego
1534 911 1670 952 sciam

1127 986 1258 1035 atque
1290 981 1360 1022 hic
1391 982 1580 1033 nesciat;

183 1055 273 1097 Nisi
305 1055 405 1109 quia
436 1054 557 1095 lubet
588 1053 773 1107 experiri
807 1067 890 1107 quo
923 1058 1151 1094 euasurust
1183 1052 1381 1106 denique.

185 1126 265 1169 Sed
299 1126 401 1179 quid
433 1124 524 1166 ais‘?
556 1138 640 1178 quo
671 1124 771 1165 inde
803 1125 874 1166 isti
907 1124 1068 1178 porro?

752 1218 1099 1273 Sycophanta

929 1290 972 1332 Si
1003 1292 1193 1332 animum
1225 1291 1444 1341 aduortes,
1477 1291 1668 1346 eloquar.

185 1363 247 1406 Ad
279 1369 409 1417 caput
440 1364 588 1413 amnis,
621 1363 693 1417 qui
727 1362 779 1404 de
811 1363 930 1404 caelo
964 1363 1154 1404 exoritur
1187 1363 1264 1405 sub
1297 1363 1404 1405 solio
1435 1363 1564 1405 Iouis.
1605 1375 1674 1408 940

184 1514 271 1557 Sub
302 1514 409 1556 solio
442 1513 584 1555 Iouis?
766 1456 1079 1499 Charmldes

750 1571 1097 1624 Syssophanta

604 1643 670 1684 Ita
703 1642 811 1684 dico.

766 1720 1083 1764 Charmides

838 1794 870 1835 E
904 1794 1053 1835 caelo?

752 1872 1093 1927 Sycophanta

1088 1945 1227 1998 Atque
1260 1959 1280 1987 e
1310 1945 1451 1987 medio
1483 1946 1667 1999 quidem.

766 2023 1083 2066 Charmides

185 2093 276 2136 Eho
308 2109 360 2136 an
395 2096 521 2137 etiam
555 2097 597 2137 in
631 2095 796 2137 caelum
831 2096 1090 2138 escendisti‘?

750 2182 1099 2236 Sycophanta

950 2254 1084 2295 Immo
1116 2254 1285 2297 horiola
1315 2255 1489 2298 aduecti
1522 2271 1670 2299 sumus

186 2321 330 2378 Usque
365 2339 479 2380 aqua
510 2325 696 2367 aduorsa
728 2339 802 2378 per
833 2339 1012 2367 amnem.

764 2410 1077 2454 Charmides

859 2483 947 2525 Eho
979 2498 1032 2526 an
1066 2489 1111 2525 tu
1143 2486 1273 2527 etiam
1305 2486 1455 2528 uidisti
1490 2486 1669 2529 Iouem?

293 2618 360 2652 934
386 2617 441 2651 Eo
525 2618 586 2652 ubi
613 2619 758 2653 cubitus
785 2618 820 2653 B
913 2620 979 2653 935
1004 2620 1208 2664 apsentium
1305 2622 1372 2656 937
1395 2623 1552 2666 rogitem
1581 2624 1667 2666 quia

183 2680 252 2715 ego
273 2671 309 2706 Β
379 2675 445 2709 938
469 2680 667 2718 sequnntur
690 2676 846 2711 889-91
919 2677 985 2709 9⁴0
1010 2676 1107 2720 quod
1179 2677 1240 2711 94]
1271 2683 1382 2722 atque
1407 2679 1530 2713 medio
1600 2681 1667 2713 942

183 2725 236 2762 130
257 2727 292 2762 B
382 2730 524 2765 dor-iola
617 2733 683 2767 943
709 2743 752 2765 eo
780 2736 863 2766 ante
