2009 3218
147 200 170 243 l,
196 205 225 242 2,
252 204 384 236 20-*35
820 205 977 241 ltndvns.
1579 209 1625 245 91

741 333 1031 383 »Sceparnio

140 399 234 441 Tibi
267 400 440 454 quidem
473 401 630 452 hercle,
662 404 859 458 quisquis
891 418 949 456 es,
982 418 1181 457 magnum
1218 405 1389 458 malum,

140 472 222 523 Qui
254 474 448 515 oratione
481 473 549 515 hic
581 480 818 529 occupatos
851 489 1048 530 occupes.

714 577 1057 630 Plesidippus

138 646 307 689 Isticine
340 662 416 690 uos
450 648 691 691 habitatis?

738 741 1028 794 Sceparnio
1301 790 1307 797 ⁹

746 812 858 862 Quid
890 818 937 854 tu
968 813 1012 854 id
1045 814 1295 867 quaeritas?
1567 827 1629 858 110

137 885 197 924 Au
232 898 316 937 quo
349 884 537 926 furatum
571 887 720 926 uenias
752 886 944 937 uestigas
975 885 1100 928 loca?

709 976 1050 1029 Plesidippus

134 1047 405 1089 Peculiosum
437 1062 531 1090 esse
564 1048 686 1090 decet
717 1063 888 1090 seruom
921 1055 964 1091 et
995 1050 1193 1104 probum,

136 1118 267 1169 Quem
301 1134 372 1161 ero
405 1126 635 1174 praesente
669 1126 915 1175 praetereat
947 1123 1098 1172 oratio,

135 1192 217 1233 Aut
249 1193 321 1246 qui
353 1192 632 1234 inclementer
664 1193 782 1235 dicat
813 1194 975 1235 homiui
1008 1195 1159 1236 libero.

733 1285 1023 1337 Sceparnio

134 1356 188 1398 Et
217 1357 465 1411 inpudicum
497 1363 541 1398 et
573 1357 851 1411 inpudentem
887 1358 1101 1400 hominem
1133 1358 1315 1401 addecet
1562 1372 1623 1403 115

133 1428 359 1471 Molestum
391 1429 504 1471 ultro
537 1429 743 1471 aduenire
776 1430 828 1471 ad
862 1430 1048 1472 alienam
1081 1431 1266 1482 domum,

132 1499 241 1551 Quoi
273 1501 486 1543 debeatur
517 1501 636 1543 nihil.

730 1594 1021 1635 Daemones·

701 1667 827 1716 Tace,
862 1666 1111 1720 Sceparnio.

131 1735 241 1786 Quid
274 1752 394 1792 opus,
427 1738 711 1781 adulescens?

701 1834 1048 1887 Plesidippus

756 1906 833 1948 Isti
864 1907 1161 1957 infortunium,

128 1976 209 2027 Qui
241 1977 526 2031 praefestinet
556 1978 630 2021 ubi
662 1993 760 2021 erus
791 1979 905 2020 adsit
937 1979 1174 2034 praeloqui.

129 2047 212 2090 Sed
242 2050 326 2091 nisi
356 2051 587 2093 molestum
619 2057 697 2103 est,
730 2051 878 2105 paucis
911 2052 1208 2106 percontarier
1554 2065 1618 2098 120

127 2120 236 2164 Uolo
268 2136 346 2176 ego
379 2137 430 2164 ex
462 2127 515 2164 te.

727 2195 1015 2237 Daemones

589 2266 951 2321 Dabiturf·opera‚
983 2272 1113 2320 atque
1146 2269 1189 2309 in
1221 2270 1405 2322 negotio.

724 2370 1014 2422 Sceparnio

127 2438 236 2490 Quin
269 2445 316 2483 tu
347 2442 391 2484 in
423 2441 624 2496 paludem
657 2443 693 2484 is
726 2442 977 2495 exsicasque
1009 2441 1307 2494 harundinem,

126 2511 206 2563 Qui
240 2518 514 2567 pertegamus
546 2514 707 2564 uillam,
741 2513 841 2555 dum
874 2514 1102 2556 sudumst?

261 2673 325 2706 109
350 2683 416 2706 nos
442 2672 501 2707 hic
527 2674 561 2708 B
711 2676 888 2716 ocupatos
916 2672 945 2707 C
1096 2675 1155 2707 111
1183 2673 1347 2708 furatum
1373 2687 1460 2710 mox
1486 2676 1612 2710 uenias

130 2728 192 2762 116
217 2729 384 2764 atuenire
409 2727 445 2763 B
545 2729 707 2764 alienum
735 2728 764 2764 0
856 2730 920 2763 122
945 2730 1144 2775 exigaeque
1168 2730 1215 2771 Β,
1242 2732 1482 2777 exagitatque
1509 2732 1536 2767 C

126 2782 337 2820 Harundine
364 2785 392 2820 C
