2009 3218
758 234 798 266 V.
825 236 1013 268 370—428.
1551 242 1630 280 579

143 361 358 401 Gulielmus
388 375 434 398 ex
458 360 558 399 Rud.
587 363 680 407 569,
713 362 779 399 ubi
810 364 887 400 vid.
921 360 1074 401 elutum
1104 365 1149 401 A.
1212 365 1444 402 Balneorum
1476 365 1631 403 luxuria

142 431 245 481 apud
275 431 472 479 antiquos,
503 429 571 467 ubi
603 431 719 467 etiam
752 442 890 477 magna
916 436 1204 479 unguentorum
1233 434 1290 469 vis
1316 432 1629 479 consumebatur,

142 501 236 538 satis
266 503 360 536 nota
390 502 462 535 est.
500 517 542 522 --
581 498 675 535 409.
722 493 876 546 Conl't't,
920 499 1141 545 conficitur,
1185 515 1218 536 v.
1253 501 1302 538 ad
1334 501 1416 539 Mil.
1450 502 1542 539 937.
1580 522 1628 528 —

143 569 222 606 410
261 580 307 604 ex
339 568 370 604 A
409 567 585 603 restituit
615 566 807 611 Studem.,
850 565 896 602 cf.
931 567 1009 604 619
1050 571 1088 603 et
1121 567 1238 605 Merc.
1272 570 1373 607 462:
1425 570 1631 617 „diuersus

143 632 379 674 distrahor“.
429 653 477 660 —
526 635 603 671 411
639 634 753 672 affert
783 633 933 672 Nonius
965 647 1002 684 p.
1038 635 1137 682 220,
1186 641 1228 673 ut
1267 638 1520 675 masculinum
1560 653 1629 677 no-

142 705 253 742 minis
292 716 414 753 genus
454 707 642 741 testetur:
702 702 908 750 „Plautusz
956 716 1004 740 an
1044 704 1075 740 si
1115 704 1286 742 formicis
1325 707 1471 744 obicias
1511 721 1630 758 papa-

140 771 313 810 uerem“.
383 771 480 809 Item
514 771 661 809 Charis.
695 785 731 821 p.
766 773 830 808 64.
870 791 924 796 -
962 772 1057 808 412.
1099 768 1251 810 ibidem
1288 783 1374 812 una
1405 771 1541 821 traho,
1582 776 1629 813 cf.

142 841 235 879 204.
273 860 328 865 -—
367 841 461 877 414.
508 835 620 888 Qm'cl
656 837 767 889 quod
803 849 873 887 eqo
915 834 1196 885 clefraudauz'?
1241 842 1387 879 ironice
1418 842 1490 881 hoc
1522 843 1627 890 dicit,

141 922 217 947 non
261 922 338 958 quo
384 909 561 946 fraudem
600 921 707 946 suam
748 909 939 955 fateatur,
986 908 1053 946 sed
1094 909 1187 958 quia
1230 909 1366 947 herum
1412 911 1490 949 tale
1535 913 1631 962 quid

141 978 331 1028 suspicari
362 976 652 1015 animadvertit.
715 978 808 1023 Quae
839 990 954 1026 quam
978 978 1082 1014 iusta
1105 978 1276 1026 suspicio
1301 978 1433 1025 fuerit,
1465 987 1633 1030 apparet

141 1046 241 1084 infra
274 1047 364 1083 729.
406 1064 459 1070 ·-
499 1045 644 1083 Versus
682 1048 786 1084 iusto
825 1046 998 1095 longior,
1040 1058 1111 1082 nec
1149 1050 1280 1083 tamen
1319 1050 1487 1086 sermoni
1518 1049 1630 1098 quid·

141 1127 258 1164 qnam
289 1113 476 1152 abundat.
538 1114 582 1151 R.
618 1112 826 1161 „frudaui“
860 1115 1029 1164 scripsit,
1061 1114 1126 1151 Br.
1158 1127 1245 1151 cum
1277 1114 1453 1154 Lindem.
1476 1116 1628 1163 „Quid“

141 1184 282 1229 omisit,
314 1182 427 1220 Both.
463 1180 600 1231 „ego“,
640 1195 804 1232 quorum
836 1182 935 1219 nihil
965 1183 1060 1220 ferri
1090 1186 1241 1232 potest;
1278 1183 1417 1222 melius
1448 1185 1629 1236 Spengel.

142 1264 225 1289 cum
256 1251 481 1288 Hermanno
508 1249 634 1298 „ista“
663 1252 807 1288 omisit.
833 1270 887 1276 ·-
911 1252 1006 1288 415.
1037 1247 1079 1288 Si
1101 1261 1254 1298 sumas,
1288 1253 1319 1288 si
1351 1266 1396 1290 eo
1428 1255 1488 1291 uti
1519 1254 1628 1292 velis.

144 1339 194 1345 —
225 1320 318 1358 416.
352 1316 469 1366 IVz'si,
502 1319 548 1356 cf.
582 1319 630 1356 ad
665 1320 756 1357 234.
792 1338 840 1344 —
875 1321 955 1356 417
989 1333 1045 1368 sq.
1078 1319 1254 1357 Philtoni
1285 1325 1390 1358 recte
1420 1322 1563 1360 tribuit
1586 1323 1629 1361 Β.

140 1387 177 1426 Is
206 1388 344 1437 procul
373 1392 483 1426 stans
515 1401 734 1426 sermonem
765 1401 898 1425 eorum
929 1387 1060 1434 audit,
1100 1401 1226 1438 neque
1257 1389 1317 1426 his
1348 1391 1477 1428 verbis
1507 1393 1631 1441 magis

140 1456 378 1506 colloquium
411 1458 713 1506 interrumpitur
744 1469 860 1506 quam
892 1455 1068 1494 versibus
1098 1457 1308 1496 423—25.
1340 1477 1395 1482 —
1433 1456 1552 1508 quod,
1592 1461 1631 1497 id

141 1524 257 1573 quod,
296 1538 348 1562 sc.
380 1529 425 1562 ut
455 1526 649 1563 rationem
680 1528 794 1575 putet
825 1523 890 1571 (cf.
922 1524 971 1561 ad
1001 1525 1091 1562 Aul.
1126 1522 1237 1574 519).
1277 1546 1332 1551 —
1371 1527 1491 1575 „post
1520 1541 1630 1577 repe-

141 1593 237 1630 titur
266 1598 355 1642 post
381 1593 605 1642 postquam
641 1597 685 1630 ut
726 1592 883 1644 „prius‘³
919 1598 1007 1641 post
1042 1592 1320 1643 „priusquam“
1356 1594 1474 1632 Poen.
1509 1594 1631 1634 318“.

143 1659 218 1707 Br.,
244 1662 344 1698 infra
369 1663 462 1700 975.
487 1662 580 1699 998.
607 1680 660 1686 ——
685 1663 780 1699 419.
813 1661 961 1707 tamen,
994 1663 1171 1710 quamvis
1202 1662 1408 1711 concedam
1440 1676 1518 1701 non
1549 1677 1631 1701 esse

141 1730 357 1767 immortale
391 1735 611 1780 argentum.
643 1750 698 1754 —
729 1731 822 1767 420.
863 1731 1016 1775 οἴχεται,
1057 1732 1196 1780 periit,
1236 1731 1282 1767 cf.
1316 1730 1364 1767 ad
1400 1732 1491 1770 188.
1552 1731 1629 1770 Cic.

142 1797 192 1834 ad
221 1798 342 1836 Attic.
376 1798 438 1845 VI,
476 1800 509 1845 l,
552 1800 592 1836 1:
644 1813 746 1846 „non
785 1801 919 1844 οἴχεται
956 1802 1023 1835 tua
1062 1798 1277 1844 industria,
1325 1799 1431 1848 quod
1471 1802 1630 1849 vereris,

141 1866 210 1904 sed
239 1867 430 1916 praeclare
460 1864 663 1918 ponitur“.
726 1867 806 1904 Hoc
845 1880 961 1904 versu
1000 1880 1092 1904 usus
1133 1873 1189 1904 est
1221 1866 1298 1904 Cic.
1331 1869 1371 1904 in
1402 1867 1531 1906 Pison.
1565 1870 1629 1915 25,

143 1935 216 1972 61:
267 1937 346 1982 „ita
385 1937 487 1973 enim
525 1940 617 1974 sunt
654 1936 884 1985 perscriptae
916 1931 1127 1984 (rationes)
1159 1937 1254 1973 scite
1285 1940 1323 1972 et
1352 1935 1545 1982 litterate,
1587 1942 1632 1974 ut
1705 1954 1710 1958 ·

141 2003 279 2050 scriba,
311 2004 358 2041 ad
392 2005 573 2042 aerarium
605 2006 672 2054 qui
703 2017 766 2041 eas
790 2004 955 2049 rettulit,
988 2005 1218 2053 perscriptis
1251 2004 1468 2042 rationibus
1500 2018 1630 2042 secum

122 2071 225 2120 ‹ipse
262 2076 380 2122 caput
418 2073 579 2110 sinistra
617 2085 738 2109 manu
768 2072 982 2121 perfricans
1014 2076 1365 2110 commurmuratus
1397 2073 1465 2110 sit:
1513 2073 1629 2112 Ratio

141 2137 271 2177 cett.“.
307 2159 355 2165 —
390 2142 484 2178 422.
517 2137 742 2178 admodum
767 2140 965 2187 affirmat,
999 2153 1031 2178 v.
1067 2140 1116 2177 ad
1147 2140 1285 2178 Bacch.
1320 2141 1413 2178 833.
1445 2161 1500 2167 -
1531 2142 1628 2179 423.

144 2205 267 2257 opino
297 2209 500 2247 Acidalius
532 2223 621 2255 em.,
653 2209 700 2246 cf.
734 2209 783 2246 ad
815 2209 913 2246 Rud.
941 2209 1034 2246 986.
1067 2227 1122 2233 —
1152 2209 1246 2247 424.
1279 2206 1325 2246 in
1346 2209 1485 2257 porta,
1518 2214 1630 2248 extra

142 2276 272 2314 aedes.·
329 2277 500 2315 Auditur
541 2275 626 2323 „ei⁴‘
660 2283 704 2314 ut
737 2278 800 2315 20.
836 2278 929 2326 391.
969 2297 1021 2301 —
1068 2277 1163 2315 425.
1203 2274 1248 2315 in
1276 2277 1464 2316 uentrem
1493 2278 1541 2325 A,
1586 2281 1630 2316 ut

142 2345 216 2382 iam
255 2345 381 2392 Cam.;
427 2358 473 2383 eo
511 2346 611 2382 enim
654 2345 755 2383 aedes
794 2347 878 2382 eius
916 2346 1156 2395 migrarunt,
1203 2345 1384 2387 cf.,755.
1432 2365 1488 2372 —
1533 2348 1633 2384 426.-

144 2408 400 2462 Trapezitae,
430 2414 493 2451 vel
522 2415 770 2464 tarpessitae,
808 2418 852 2451 ut
882 2413 1143 2464 probabiliter
1173 2413 1309 2451 scribit
1340 2414 1383 2452 R.
1418 2415 1560 2465 Opusc.
1593 2414 1629 2452 II

142 2495 180 2532 p.
215 2483 307 2528 524,
340 2482 386 2520 cf.
418 2481 573 2532 Proleg.
606 2488 741 2520 nostra
772 2495 809 2531 p.
845 2483 944 2527 208,
992 2478 1202 2532 Olympico
1232 2495 1374 2520 nomen
1405 2486 1509 2529 erat3
1556 2496 1626 2520 em.

86 2563 91 2567 ·
143 2548 248 2588 Pius.
272 2569 327 2575 ·--
358 2551 452 2589 428.
483 2547 648 2600 inquito
679 2555 717 2587 et
747 2547 923 2598 dependi
938 2551 983 2595 A,
1017 2550 1123 2600 quod
1152 2554 1258 2588 recte
1288 2555 1422 2589 tuetur
1446 2550 1626 2601 Spengel.

59 2973 75 2995 ἡ

64 3040 90 3070 .⁴.

64 3075 87 3111 P‘

72 3114 90 3125 n

67 3141 88 3156 U*

144 2618 348 2655 emendato
378 2620 555 2668 proximo
587 2631 721 2662 versu,
761 2617 870 2667 praef.
901 2630 938 2667 p.
971 2617 1025 2654 X:
1078 2618 1184 2665 „Hoc
1221 2619 1336 2657 dicit:
1384 2633 1462 2656 non
1503 2619 1627 2656 solum

142 2686 388 2736 spopondisti
424 2686 494 2723 sed
532 2688 652 2724 etiam
690 2685 909 2736 dependere
949 2689 1107 2723 coactus
1145 2699 1204 2734 es,
1247 2690 1430 2737 quoniam
1462 2689 1628 2737 propter

142 2753 255 2790 istam
299 2755 545 2804 sponsionem
583 2758 691 2791 tuam
729 2755 812 2804 ipse
850 2766 922 2803 pro
961 2754 1028 2791 illo
1073 2754 1322 2793 adulescente
1367 2753 1625 2804 exigebaris“.

143 2820 190 2858 cf.
222 2820 299 2858 Cic.
333 2822 441 2858 Fam.
474 2822 502 2868 I,
537 2824 571 2870 9,
607 2824 650 2859 9:
702 2821 1023 2871 ..dependendum
1065 2822 1138 2859 tibi
1177 2827 1236 2859 est
1273 2823 1377 2872 quod
1420 2822 1512 2860 mihi
1555 2834 1626 2872 pro

1292 2898 1356 2933 37·
