2009 3218
371 209 453 248 350
1055 205 1173 240 Plauti
1609 207 1641 251 l,
1665 210 1697 247 2,
1720 210 1855 251 8048

952 331 983 372 A
995 346 1013 372 s
1024 335 1042 372 t
1052 345 1078 372 a
1089 346 1113 384 μ
1125 331 1152 372 h
1165 332 1179 372 i
1193 342 1216 372 u
1229 346 1270 372 m

367 404 462 445 Non
493 404 642 451 istaec,
674 416 770 444 mea
801 402 1058 456 benignitas,
1091 403 1237 444 decuit
1266 407 1309 444 te
1340 403 1540 456 fabulari,
1791 418 1855 453 180

368 474 449 516 Sed
480 475 601 525 istos,
632 475 706 527 qui
739 487 837 515 eum
867 475 1002 527 geniis
1034 476 1123 516 suis
1153 474 1412 528 belligerant
1442 477 1725 530 parcepromi.

945 568 1278 611 Diniarohus

368 640 484 682 Mala
515 654 559 682 es
591 644 721 693 atque
752 640 901 681 eadem
933 655 1045 694 quae
1077 641 1190 683 soles
1220 641 1451 683 inlecebra.

952 735 985 776 A
1000 750 1017 775 s
1031 739 1082 777 ta
1094 751 1118 789 p
1131 735 1158 776 h
1169 737 1181 776 i
1193 750 1220 776 u
1232 751 1271 776 m

1494 793 1549 835 Ut
1579 798 1853 848 exspectatus

368 863 552 916 Peregre
579 863 813 905 aduenisti!
848 877 988 917 quam}
1021 863 1213 915 obsecro,
1247 865 1452 918 cupiebat
1479 871 1520 906 te
1552 879 1626 907 era
1656 865 1822 909 uidere!

371 1012 405 1063 Q
444 1015 482 1056 'd
514 1018 532 1055 t
594 1014 617 1054 d
700 1015 719 1045 ‘2
946 958 1279 1000 Diniarchus

410 1029 452 1055 u1
535 1028 587 1055 an
623 1028 711 1056 em.

954 1086 1266 1140 Astaphium

668 1157 728 1199 Te
760 1172 891 1199 unum
923 1172 975 1200 ex
1006 1158 1204 1200 omnibus
1235 1163 1364 1200 amat.

947 1253 1270 1295 Diniarchus

1320 1325 1453 1379 Euge⁷
1485 1326 1607 1368 fundi
1638 1332 1681 1369 et
1710 1328 1853 1379 aedes,

369 1396 450 1437 Per
479 1400 650 1450 tempus
682 1395 952 1439 subuenistis.
1015 1395 1099 1438 Sed
1131 1397 1232 1451 quid
1264 1398 1342 1447 ais,
1375 1398 1664 1452 Astaphium?

955 1491 1268 1544 Astaphium

1526 1548 1639 1598 Quid
1670 1550 1766 1592 uis?
1793 1562 1855 1596 185

949 1627 1279 1669 Diniarehus

369 1699 501 1741 Estne
531 1699 791 1757 intus-nunc
822 1699 1131 1741 Phronesium?

955 1790 1273 1843 Astaphium

1104 1862 1157 1903 Ut
1188 1867 1237 1903 ut
1267 1863 1377 1908 aliis,
1409 1861 1489 1903 tibi
1521 1862 1694 1916 quidem
1725 1863 1851 1904 intus.

952 1941 1279 1983 Diniarchus

373 1997 585 2039 Ualetne‘?

956 2056 1272 2110 Astaphium

547 2127 682 2167 Immo
715 2127 866 2180 edepol
900 2127 1050 2168 melius
1083 2129 1169 2169 iam
1200 2128 1290 2168 fore
1322 2141 1460 2181 spere,
1493 2131 1535 2168 te
1568 2127 1642 2168 ubi
1675 2127 1851 2169 uidebit.

951 2209 1277 2251 Diniarehus

372 2280 463 2322 Hoc
494 2280 618 2322 nobis
652 2282 802 2323 uitium
839 2296 1082 2323 maxumum
1115 2287 1202 2323 est:
1235 2296 1364 2336 quom
1389 2296 1596 2332 amamus,
1629 2286 1719 2323 tum
1743 2281 1854 2336 peri-

1322 2368 1427 2394 mus.

1454 2473 1470 2489 1)

488 2500 551 2533 180
577 2498 704 2534 docuit
729 2500 794 2534 BC
875 2502 933 2534 181
963 2500 1068 2544 genis
1093 2499 1159 2534 BG
1238 2501 1485 2544 parcepromis
1511 2500 1545 2534 A
1628 2501 1692 2535 182
1716 2500 1854 2534 eadem·

373 2567 442 2600 que
468 2555 537 2590 BG
603 2556 786 2590 inlecebri]
814 2556 859 2600 B,
885 2557 1076 2591 inlecebrii
1103 2557 1131 2592 0
1202 2559 1264 2592 183
1291 2569 1373 2590 nam
1454 2558 1517 2590 184
1564 2556 1676 2591 funde
1700 2556 1769 2592 BG

374 2612 449 2647 edis
476 2611 521 2654 B,
548 2612 646 2646 aedis
674 2612 702 2646 C
797 2614 856 2647 185
882 2614 1105 2648 subuenistis
1132 2615 1218 2648 mibi
1245 2613 1315 2648 BG
1399 2614 1478 2657 quit
1504 2614 1555 2648 ait
1580 2613 1614 2647 Β
1702 2617 1741 2648 ut
1767 2612 1853 2657 quid

373 2669 430 2702 uis
455 2668 523 2702 BC
622 2671 683 2702 186
708 2669 835 2703 Estino
861 2671 890 2702 A
999 2671 1172 2713 pronesifi
1199 2670 1241 2713 B,
1268 2670 1478 2714 prunesium
1506 2669 1534 2704 C
1643 2674 1683 2704 ut
1707 2673 1746 2704 ut
1772 2669 1853 2704 aliie

373 2736 438 2761 om.
464 2725 532 2762 BG
625 2728 685 2759 187
712 2726 831 2759 υἱιΙι-ῒω
859 2727 887 2760 G
966 2727 1076 2760 credo
1103 2727 1181 2761 fore
1206 2727 1267 2759 ubi
1293 2730 1328 2760 te
1354 2725 1422 2760 BG
1500 2726 1643 2760 uideret
1667 2726 1700 2760 A
1792 2726 1855 2761 188

375 2794 582 2816 maxumum
611 2782 638 2815 Si
665 2776 745 2815 (slim
774 2783 802 2815 A
