2009 3218
383 218 465 256 474
566 250 570 253 ,
1042 213 1123 247 Rud
1133 226 1208 248 ens.

383 346 534 394 quaestu
580 356 658 380 non
705 343 868 389 habent,
916 345 1079 393 apparet
1125 348 1380 380 mercaturam
1429 342 1653 389 significari.
1739 343 1867 381 artem

385 408 566 449 didicere
594 411 835 461 transposuit
857 410 992 456 Both.;
1031 410 1210 460 Spengel.
1230 410 1313 446 Ref.
1332 423 1371 459 P·
1393 411 1470 446 194
1497 410 1634 447 maluit
1655 409 1865 456 ‚‚nullam“.

383 479 561 516 Mueller.
597 491 692 525 „nec
730 479 797 527 qui
836 475 1047 515 didicere“.
1089 499 1144 502 —
1182 479 1274 515 292.
1321 477 1488 524 ornatu,
1521 479 1685 524 vestitu,
1719 478 1864 526 habitu,

383 547 431 585 cf.
468 547 557 584 185.
590 566 644 570 —
676 547 768 583 293.
800 542 931 583 Hisce
961 542 1072 584 hami
1103 545 1253 582 Camer.
1314 545 1371 582 De
1403 545 1528 582 forma
1560 547 1799 594 pronominis
1829 559 1864 583 v,

385 615 433 651 ad
451 614 562 664 Capt.
584 616 648 652 35.
669 634 721 638 -—
744 610 867 660 cultu,
896 614 940 650 cf.
963 615 1055 651 282.
1073 634 1129 638 ——
1155 615 1247 651 294.
1281 608 1439 650 Cotidie
1464 613 1663 662 supplevit
1688 612 1864 651 Lambin.

382 702 437 707 —
476 683 568 719 295.
615 682 658 718 In
698 683 908 731 gymnasiis
947 686 986 719 et
1023 681 1214 731 palaestris
1253 680 1471 730 locupletes
1502 681 1676 717 homines
1708 681 1863 728 degunt.

382 770 436 775 —-
461 751 555 788 296.
601 749 892 787 Enumerantur
922 751 1022 787 varii
1053 749 1170 785 maris
1202 749 1362 794 fructus,
1396 748 1537 797 quibus
1568 748 1681 785 hodie
1713 762 1866 798 quoque

381 822 425 855 ut
455 819 673 867 antiquitus
705 817 906 854 abundant
937 818 1149 867 piscatoria
1172 816 1269 853 fora.
1343 817 1386 853 In
1418 816 1566 853 talibus
1597 816 1868 854 enumerandis

381 886 455 923 sibi
485 886 678 934 placuisse
711 887 891 934 antiquos
923 886 1089 921 comicos
1122 888 1287 934 apparet
1310 898 1355 920 ex
1379 883 1602 933 Epicharmi
1633 888 1672 922 et
1703 885 1867 923 aliorum

383 955 476 991 locis
525 953 627 1004 apud
670 953 897 990 Athenaeum
936 952 993 989 III
1033 966 1070 1002 p.
1114 954 1163 990 85
1204 965 1288 1001 sqq.
1362 948 1549 989 Echinos
1595 957 1868 992 commemorat

381 1022 519 1059 Athen.
552 1022 607 1058 Ill
639 1035 675 1071 p,
706 1022 776 1069 91.
839 1021 930 1057 Hor.
965 1020 1037 1070 Ep.
1070 1020 1098 1066 I,
1136 1021 1196 1066 15,
1232 1021 1296 1057 23.
1357 1020 1455 1057 Plin.
1500 1020 1544 1056 H.
1576 1020 1624 1058 N.
1656 1021 1722 1068 IX,
1768 1022 1864 1059 100:

384 1090 555 1137 „echini,
604 1088 746 1138 quibus
785 1090 906 1138 spinae
945 1101 1017 1138 pro
1048 1087 1227 1137 pedibus.
1294 1088 1453 1137 Ingredi
1485 1092 1544 1124 est
1574 1088 1634 1125 his
1665 1089 1705 1126 in
1735 1089 1868 1127 orbem

381 1158 498 1205 volvi,
523 1159 655 1206 itaque
682 1158 838 1193 detritis
863 1168 965 1205 saepe
992 1157 1136 1193 aculeis
1160 1153 1451 1193 inveniuntur“.
1469 1175 1524 1180 —
1541 1153 1724 1204 Zopadcffl,
1748 1170 1868 1206 genus

381 1225 536 1263 conchae
575 1226 733 1262 marinae
772 1225 828 1261 ait
858 1224 1008 1262 Nonius
1039 1238 1077 1274 p.
1113 1225 1188 1260 551
1225 1224 1344 1260 allato
1376 1224 1498 1261 altero
1530 1224 1659 1261 Plauti
1690 1225 1786 1273 loco,
1819 1225 1866 1263 cf.

381 1295 497 1331 etiam
523 1293 608 1330 Cas.
628 1294 722 1330 470.
769 1291 911 1328 Athen⁴
941 1306 979 1341 p.
1008 1293 1057 1329 91
1087 1306 1118 1329 e.
1145 1311 1200 1317 ——
1228 1291 1398 1339 ostreas,
1430 1292 1572 1329 Athen.
1597 1307 1635 1342 p.
1654 1294 1706 1331 92
1733 1293 1756 1330 d
1781 1306 1864 1344 Sqq.

383 1381 432 1387 —
479 1357 668 1410 balcmos,
710 1361 852 1398 Athen.
885 1374 923 1410 p.
957 1361 1007 1398 87
1040 1360 1058 1396 f
1085 1373 1139 1409 sq.
1183 1379 1236 1384 -
1274 1357 1520 1398 concharum
1561 1361 1682 1398 multa
1713 1373 1865 1410 genera,

380 1443 415 1467 V.
448 1429 546 1466 Plin.
574 1429 620 1466 H.
647 1429 694 1467 N.
720 1429 794 1476 IX,
832 1430 923 1467 102.
976 1428 1117 1465 Athen.
1150 1441 1188 1477 p.
1222 1429 1272 1466 86
1306 1429 1326 1465 f
1351 1443 1408 1478 sq.
1441 1448 1494 1453 -
1527 1430 1619 1466 297.
1653 1425 1867 1467 Marinam

380 1495 576 1543 urticam,
611 1498 710 1535 Plin.
743 1497 812 1545 IX,
849 1498 939 1534 146.
985 1496 1129 1533 Athen.
1163 1510 1199 1546 p.
1235 1497 1284 1534 89
1318 1497 1336 1532 f
1363 1511 1420 1546 sq.
1452 1516 1508 1521 —
1538 1493 1761 1544 musculos,
1801 1498 1867 1546 μῦς
1909 1492 1912 1496 ’

380 1579 428 1602 ex
472 1565 676 1613 AEschylo,
724 1564 1008 1614 Aristophane,
1065 1564 1151 1600 aliis
1199 1564 1312 1602 affert
1355 1564 1497 1602 Athen.
1537 1578 1575 1614 p.
1617 1565 1666 1602 86
1708 1578 1764 1614 sq.
1809 1584 1865 1590 —

368 1630 596 1683 plagyusias
635 1646 823 1682 nusquam
872 1632 966 1669 alibi
1007 1633 1111 1683 apud
1153 1634 1334 1681 antiquos
1373 1633 1595 1670 nominatas
1634 1633 1863 1682 invenimus,
1897 1665 1904 1669 ,

377 1714 447 1739 nec
477 1701 663 1739 formatio
695 1704 764 1738 aut
795 1700 989 1738 derivatio
1021 1701 1187 1738 nominis
1227 1703 1394 1738 constat.
1438 1721 1488 1725 —
1529 1701 1620 1738 298.
1650 1697 1863 1749 piscatum

376 1765 616 1807 hamatilem
648 1769 687 1807 et
714 1765 955 1815 saxatilem,
995 1769 1020 1805 i.
1054 1783 1086 1805 e.
1119 1769 1242 1805 hamis
1281 1768 1426 1806 factum
1468 1768 1514 1805 de
1553 1769 1668 1806 saxis.
1701 1789 1754 1795 —
1793 1767 1862 1808 ad-

375 1835 589 1887 „cn-edimur
620 1837 706 1874 edd.
742 1857 793 1862 —
827 1837 918 1874 299.
959 1833 1099 1874 euenit
1127 1837 1241 1875 Both.
1274 1857 1329 1861 —
1369 1838 1460 1875 300.
1493 1833 1621 1884 salsi,
1641 1840 1862 1888 *aspergine

375 1907 505 1943 maris.
552 1926 604 1930 —
655 1906 747 1943 301.
795 1900 1047 1952 clanculum,
1094 1906 1230 1953 taciti,
1275 1910 1320 1942 ut
1353 1906 1524 1942 abiectos
1555 1906 1704 1943 animos
1735 1905 1858 1945 decet.

376 1994 430 1998 —
473 1975 564 2012 303.
614 1970 745 2011 cenati
795 1982 938 2011 sumus
984 1973 1116 2021 Reiz.‚
1161 1974 1185 2011 i.
1221 1987 1252 2010 e.
1285 1973 1392 2010 nulla
1431 1973 1597 2023 amplius
1638 1986 1731 2011 cena
1774 1975 1859 2012 erit.

376 2041 590 2080 Francken.
625 2043 750 2078 minus
781 2042 972 2078 feliciter:
1018 2043 1213 2089 „incenati
1243 2039 1383 2078 imus“.
1424 2061 1479 2066 -
1520 2041 1612 2079 304.
1651 2039 1863 2080 adiuuerit

375 2110 635 2158 trisyllabum,
672 2125 704 2147 v.
732 2109 884 2158 Proleg.
914 2123 951 2159 p.
981 2110 1059 2147 213
1093 2123 1149 2158 sq.
1211 2109 1268 2146 Ne
1300 2110 1386 2158 quis
1417 2107 1627 2156 „adiuuet-“
1648 2114 1858 2160 exspectet,

377 2177 422 2214 cf.
457 2178 590 2216 Madv,
623 2178 766 2227 Opusc.
798 2170 901 2227 Il'p.
940 2179 1029 2215 103.
1063 2191 1149 2214 ann.
1183 2177 1231 2214 ad
1262 2176 1378 2226 Epid.
1412 2178 1505 2215 432.

490 2246 581 2282 305.
628 2246 847 2291 Trachalio,
882 2244 1095 2294 Plesidippi
1127 2258 1272 2291 servus,
1313 2246 1475 2282 advenit
1505 2245 1639 2282 herum
1671 2258 1859 2296 quaerenS.

374 2312 533 2349 Iambici
559 2314 771 2362 septenarii
797 2313 1089 2349 continuantur.
1149 2309 1352 2350 Animum
1375 2310 1614 2360 acluorsauz',
1646 2315 1671 2351 i.
1690 2327 1722 2352 e.
1742 2314 1859 2351 anim-

375 2380 541 2418 adverti.
568 2401 618 2405 -
654 2382 744 2419 306.
779 2376 892 2418 aibat
917 2380 1023 2417 Reiz.
1051 2401 1105 2404 —
1130 2381 1222 2417 308.
1255 2379 1463 2419 commode
1487 2381 1634 2420 Charis.
1663 2381 1699 2419 II
1722 2396 1759 2432 p.
1783 2382 1858 2419 177

375 2460 423 2484 ex
454 2448 602 2485 Titinio
634 2448 766 2486 affert:
804 2448 878 2495 „Et
911 2448 1108 2485 commode
1140 2462 1270 2486 eccum
1302 2447 1421 2487 exstf‘.
1450 2469 1504 2474 —
1536 2459 1648 2488 eccos
1678 2449 1781 2487 Cam.
1807 2469 1859 2475 --

375 2511 493 2553 adibo
526 2517 585 2553 ed.
618 2531 677 2566 pr.
719 2536 766 2541 —
812 2517 904 2554 310.
948 2516 994 2553 ut
1024 2512 1180 2564 peritis
1218 2530 1289 2567 pro
1332 2523 1399 2565 „ut
1439 2515 1614 2564 uiuitis“‚
1654 2531 1741 2555 nam
1780 2522 1857 2555 tam

375 2585 516 2622 misera
547 2585 624 2621 vita
661 2597 793 2620 eorum
826 2588 895 2630 est,
929 2587 974 2620 ut
1005 2586 1085 2621 vita
1112 2585 1302 2635 appellari
1327 2597 1403 2622 non
1427 2587 1563 2635 possit.
1590 2605 1642 2610 -
1668 2585 1857 2623 311-12

375 2653 413 2688 in
445 2651 476 2688 B
509 2651 710 2700 aliquanto
742 2653 845 2688 intra
875 2652 1086 2701 marginem
1119 2653 1331 2702 incipiunt,
1379 2656 1489 2702 quasi
1532 2653 1639 2690 aliud
1677 2665 1858 2691 versuum

375 2731 496 2767 genus
528 2719 601 2765 εἰη
649 2718 752 2767 quod
784 2733 860 2756 non
894 2721 944 2756 ita
979 2723 1056 2764 esu
1103 2733 1190 2756 num
1231 2721 1330 2757 idem
1363 2720 1406 2757 fit.
1439 2721 1476 2757 in
1510 2722 1722 2768 314—15‚
1765 2721 1855 2768 319,

379 2788 471 2833 32],
506 2786 554 2822 de
588 2785 730 2837 quibus
755 2799 866 2823 nemo
893 2786 1104 2824 «limnoth.
1167 2788 1378 2838 Anchetypi
1402 2788 1627 2825 menni-ana
1651 2789 1711 2826 hic
1735 2787 1858 2826 labem
