2009 3218
355 239 402 275 12
1022 234 1141 268 Plauti
1601 232 1632 274 Ι,
1659 232 1691 273 3,
1717 230 1828 264 3--19

349 359 429 401 Sed
462 373 608 400 eccum
640 359 890 412 parasitum,
924 360 1079 413 quoius
1112 359 1214 400 mihi
1246 357 1406 400 auxilio
1439 361 1505 398 est
1536 367 1655 410 opus.

347 429 580 478 Simulabo,
614 431 738 482 quasi
769 445 852 472 non
884 431 1074 481 uideam3
1105 431 1169 472 ita
1200 430 1389 471 alliciam
1421 429 1574 469 uirum.
1788 438 1832 471 85

348 500 507 542 Curate
538 501 637 542 istic
668 515 746 543 uos
779 506 910 555 atque
941 502 1229 555 adproperate
1261 501 1392 549 ocius,

348 572 411 614 Ne
442 571 545 613 mihi
577 586 723 614 morae
755 574 812 614 sit
843 573 1092 626 quidquam,
1125 572 1199 613 ubi
1230 586 1309 625 ego
1341 573 1455 612 intro
1489 571 1719 612 aduenero.

347 643 584 686 Commisce
615 644 821 695 mulsum3
854 644 1052 685 struthea
1084 643 1252 685 colutea
1284 656 1462 696 appara,

349 716 463 758 Bene
497 721 546 757 ut
575 717 617 757 in
651 716 807 756 scutris
839 715 1103 762 concaleant,
1137 720 1181 756 et
1210 714 1422 756 calamum
1453 713 1580 755 inice.

347 788 437 828 Iam
470 787 542 841 pol
574 787 645 828 ille
677 786 745 828 hic
776 787 929 835 aderit,
963 786 1104 836 credo,
1139 800 1348 838 congerro
1381 799 1514 826 meus.
1790 793 1833 827 90

980 872 1198 915 Saturio

347 945 414 986 Me
447 945 564 996 dicit,
598 959 716 998 euge.

991 1027 1199 1068 Tooeilus

781 1100 965 1140 Lautum
1001 1100 1128 1140 credo
1161 1113 1181 1139 e
1214 1099 1399 1141 balineis

346 1172 435 1212 Iam
468 1171 535 1212 hic
566 1171 828 1212 adfuturum.

983 1253 1203 1295 Saturio

890 1326 942 1367 Ut
974 1327 1014 1366 in
1050 1326 1198 1366 ordine
1232 1340 1398 1367 omnem
1431 1339 1520 1366 rem
1550 1326 1682 1365 tenet.

978 1424 1199 1465 Toxilus

347 1495 544 1550 Collyrae
576 1496 704 1538 facite
737 1501 783 1537 ut
816 1496 1018 1537 madeant
1052 1500 1094 1537 et
1125 1495 1337 1549 colyphia,

346 1568 409 1609 Ne
440 1568 546 1609 mihi
578 1569 747 1610 incocta
779 1568 903 1609 detis.

987 1654 1200 1696 Saturio

947 1727 1051 1767 Rem
1083 1726 1278 1779 loquitur
1307 1738 1490 1774 meram3

345 1798 483 1839 Nihili
514 1802 615 1840 sunt
645 1797 817 1848 crudae,
847 1799 929 1840 nisi
961 1812 1067 1851 quas
1100 1797 1298 1838 madidas
1331 1796 1521 1849 gluttias.
1793 1804 1837 1838 95

346 1870 453 1911 Tum
487 1874 573 1912 stet
604 1884 795 1911 cremore
827 1883 974 1911 crasso
1007 1871 1074 1910 ius
1107 1869 1381 1923 collyricum3

348 1942 482 1984 Nihili
513 1947 579 1984 est
612 1955 804 1983 macrum
836 1942 943 1982 illud
976 1942 1222 1995 epicrocum
1256 1940 1536 1994 perlucidum.

350 2013 482 2063 Quasi
514 2015 679 2055 iuream
711 2028 807 2054 esse
840 2014 906 2054 ius
938 2014 1062 2054 decet
1093 2013 1355 2067 collyricuin.

350 2086 460 2127 Nolo
492 2088 535 2128 in
568 2087 759 2127 uesicam
791 2085 906 2139 quod
939 2093 1021 2135 eat,
1056 2087 1097 2126 in
1130 2087 1325 2125 uenirem
1356 2083 1467 2124 uolo.

988 2171 1206 2213 Tooez'lus

352 2246 490 2298 Prope
523 2258 588 2285 me
621 2244 691 2284 hic
723 2245 869 2285 nescio
903 2245 997 2297 quis
1029 2244 1234 2296 loquitur.

469 2403 514 2436 94
539 2413 611 2445 quo
638 2400 726 2434 mihi
754 2401 852 2435 iusO
1010 2401 1053 2434 85
1080 2399 1242 2434 allictam
1267 2398 1313 2440 B,
1341 2398 1499 2433 allietam
1527 2396 1554 2431 O
1713 2407 1842 2431 uerum

353 2461 396 2494 86
423 2459 549 2493 oculus
574 2457 619 2501 B,
648 2458 773 2492 oculos
804 2457 832 2492 G
926 2459 969 2492 87
996 2457 1134 2501 ubiggo
1160 2455 1196 2491 Β
1298 2457 1341 2490 88
1366 2454 1536 2489 struthea
1560 2453 1709 2488 coluthe
1735 2464 1844 2497 quam

352 2517 396 2551 89
422 2516 547 2550 stutris
574 2515 766 2549 concaleat
859 2514 940 2548 nice
1044 2515 1087 2548 90
1112 2524 1274 2556 congero
1303 2512 1331 2546 Ο
1420 2512 1464 2545 90
1489 2521 1604 2554 eugae
1629 2509 1665 2544 B
1760 2510 1842 2544 eba-

353 2573 479 2606 lieneis
504 2571 552 2614 B,
582 2571 774 2605 abalieuen
802 2570 829 2605 G
920 2572 963 2604 92
988 2571 1047 2604 hic
1073 2581 1137 2605 om.
1165 2569 1192 2604 C
1283 2569 1320 2603 in
1346 2578 1402 2604 om
1435 2568 1463 2602 C
1553 2568 1596 2602 93
1622 2566 1772 2601 ΟοΙΙίω(
1799 2565 1845 2607 Β,

355 2629 493 2663 Collire
521 2627 549 2661 C
639 2627 801 2671 coliphia
828 2627 855 2661 C
952 2628 995 2660 94
1021 2627 1303 2670 loquitumeram
1409 2625 1451 2658 95
1476 2622 1575 2657 Nihil
1681 2624 1724 2657 96
1751 2623 1841 2656 Tum

356 2686 425 2719 nisi
452 2695 618 2719 cremore
701 2695 822 2718 crosso
850 2683 884 2716 Β
967 2684 1083 2716 sotius
1110 2682 1313 2716 nollit-icum
1403 2682 1445 2714 97
1471 2679 1570 2713 Nihil
1597 2684 1651 2714 est
1678 2690 1841 2721 macrum

469 2742 683 2784 epigrocum
847 2742 889 2774 98
915 2741 991 2773 iure
1017 2750 1157 2773 amesse
1182 2740 1236 2772 ius
1264 2738 1307 2781 A,
1334 2739 1412 2771 iure
1439 2747 1579 2770 amasse
1606 2736 1657 2769 uis
1686 2737 1714 2770 G

357 2797 561 2833 colliricum
