2009 3218
359 192 438 232 322
1034 182 1150 220 Plauti
1556 177 1618 218 IV.
1645 183 1677 225 3,
1702 178 1837 240 δοῖ-58

360 314 443 356 Sed
475 327 553 367 ego
585 327 678 354 sum
707 311 995 366 insipientior,
1029 311 1102 364 qui
1133 309 1262 352 rebus
1295 321 1439 349 curem
1472 307 1656 361 publicis

358 387 506 428 Potius
524 398 667 439 quam,
695 384 738 425 id
757 382 872 437 quod
889 385 1201 436 proxumumst,
1230 393 1324 421 meo
1341 383 1463 432 tergo
1480 379 1664 420 tutelam
1683 391 1842 431 geram.

359 458 423 500 Eo
457 457 643 499 domum.

944 524 1264 566 Charmides

635 598 753 640 Heus
784 602 842 649 tu,
873 601 970 639 asta
999 597 1112 638 ilico.
1176 595 1301 646 Audi,
1332 595 1439 636 heus
1471 599 1530 635 tu.

972 691 1238 733 Stasimus

1489 745 1583 801 Nton
1616 748 1697 786 sto.

949 818 1266 860 Charmides

1644 871 1704 914 Te
1734 871 1848 913 uolo.

975 946 1240 987 Stasimus

371 1022 494 1077 Quid,
526 1023 561 1063 si
594 1025 763 1073 egomet
793 1024 835 1061 te
867 1019 981 1060 uelle
1012 1018 1140 1059 nolo?

952 1119 1267 1161 Charmides

987 1191 1051 1232 Ah
1081 1192 1270 1240 nimium,
1304 1189 1500 1240 Stasime,
1535 1190 1733 1231 saeuiter.
1768 1200 1854 1234 1060

979 1293 1242 1335 Stasimus

373 1370 521 1410 Emere
555 1368 736 1419 meliust,
768 1367 869 1420 quoi
901 1368 1098 1420 imperes.

955 1467 1265 1509 Charmides

985 1539 1062 1580 Pol
1094 1553 1171 1592 ego
1205 1539 1286 1579 emi
1319 1543 1448 1591 atque
1479 1534 1703 1590 argentum
1737 1536 1855 1588 dedi;

374 1614 455 1656 Sed
488 1615 522 1655 si
555 1628 637 1655 non
670 1612 785 1654 dicto
817 1612 999 1654 audiens
1030 1615 1106 1660 est,
1139 1610 1240 1663 quid
1274 1610 1383 1663 ago?

985 1713 1250 1755 Stasimus

1355 1768 1421 1810 Da
1451 1781 1653 1821 magnum
1684 1767 1855 1809 malum.

959 1849 1269 1891 Charmides

375 1924 488 1965 Bene
522 1937 691 1973 mone&
723 1923 784 1963 ita
817 1920 957 1964 facere
991 1928 1154 1962 certum
1188 1926 1264 1962 est.

980 2023 1006 2065 S
1019 2027 1035 2064 t
1047 2037 1071 2064 a
1083 2038 1100 2063 s
1112 2023 1123 2063 i
1139 2037 1210 2063 mu
1229 2039 1246 2062 s

1226 2094 1318 2135 Nisi
1350 2092 1520 2147 quidem
1555 2106 1598 2134 es
1632 2092 1856 2135 obnoxius.

961 2188 1271 2231 Charmides

379 2262 421 2304 Si
455 2262 625 2305 bonust,
660 2261 870 2304 obnoxius
904 2276 1019 2313 sum,
1051 2263 1115 2303 sin
1148 2265 1301 2311 secust,
1331 2259 1487 2301 faciam
1518 2263 1566 2300 ut
1597 2273 1756 2302 mones.

989 2352 1248 2393 Stasnnus

380 2425 489 2475 Quid
516 2425 558 2465 id
586 2424 722 2465 adme
742 2426 910 2474 attinet,
937 2424 1114 2465 bonisne
1140 2425 1277 2464 seruis
1303 2427 1348 2464 tu
1374 2427 1498 2464 utare
1516 2436 1569 2463 an
1589 2421 1741 2464 malis?
1774 2431 1858 2466 1065

495 2584 579 2616 1057
604 2582 747 2626 pullicis
772 2582 806 2615 B
881 2583 965 2617 1058
989 2585 1067 2616 tute
1094 2582 1162 2616 iam
1187 2582 1223 2623 ζ’,
1252 2584 1334 2616 cute
1360 2581 1430 2614 iam
1452 2579 1486 2614 B
1561 2581 1647 2614 1060
1672 2555 1871 2623 egomet&-

381 2640 493 2674 uellvt
518 2640 550 2672 A
649 2638 729 2671 Aha
756 2639 782 2671 A
888 2640 968 2672 1061
999 2639 1045 2672 Et
1071 2650 1169 2673 mere
1197 2638 1225 2671 (J
1321 2649 1376 2672 em
1404 2637 1433 2672 C
1532 2638 1617 2671 1062
1643 2647 1681 2670 es
1705 2634 1773 2670 BC

381 2696 477 2730 (1¹5th
503 2695 548 2736 R,
575 2695 735 2739 dampni]
761 2696 789 2727 (ἵ
913 2697 998 2730 1064
1025 2695 1139 2728 bonus
1165 2706 1202 2728 vs
1314 2705 1418 2728 secus
1444 2706 1480 2727 es
1592 2693 1644 2727 uti
1670 2692 1771 2727 iubes
1795 2688 1861 2725 BC

384 2754 468 2786 1065:
494 2752 598 2786 bonis
624 2764 680 2786 me
706 2752 734 2782 Γ
