2009 3218
762 246 801 278 v.
830 247 1017 279 431—511.
1558 252 1629 288 ὥς]
1690 268 1695 273 .

151 369 251 420 uita,
286 373 333 410 cf.
366 372 488 410 Stich.
522 374 614 410 464.
662 373 748 410 Ter.
784 373 938 411 Phorm.
977 377 1074 412 363:
1123 389 1295 426 „pnuper
1327 377 1416 425 quoi
1448 377 1486 412 in
1520 388 1637 424 opere

151 441 235 479 uita
266 437 390 478 erat“.
465 442 562 479 734:
614 442 719 488 „uita
760 444 804 477 ut
835 442 872 478 in
904 445 991 479 tuto
1022 442 1162 480 soret“.
1206 464 1255 468 —
1302 445 1394 480 481.
1443 439 1636 488 cernitur,

152 512 195 547 ut
224 509 263 546 in
295 512 445 546 senatu.
483 529 527 534 -<
565 509 658 546 482.
699 504 801 546 Rem
833 504 1039 557 fabulare,
1085 512 1130 548 cf.
1164 512 1209 548 ad
1244 497 1357 561 Epid.
1392 512 1484 548 286.
1545 510 1637 548 Les-

151 576 289 614 bonico
320 576 399 614 haec
431 576 461 614 B
494 582 598 614 recte
629 576 787 622 tribuit,
822 577 908 614 edd.
942 577 1130 616 Philtoni.
1163 599 1216 604 —
1247 590 1330 617 ‘non
1363 575 1466 624 dolo,
1500 580 1544 616 cf.
1573 580 1636 617 91.

152 664 204 670 —
235 645 329 682 483.
360 642 517 692 semita,
551 659 584 682 v.
619 646 666 682 ad
698 645 810 682 Curc.
844 646 936 682 287.
972 665 1023 670 -
1065 647 1157 684 485.
1195 644 1294 684 Non
1324 644 1397 685 hoc
1428 644 1556 696 lonqe,
1591 661 1638 684 ue

152 712 347 750 tantillum
380 713 550 762 quidem,
591 728 625 750 v.
659 714 705 751 ad
737 713 852 750 Most.
888 714 979 751 385.
1025 733 1070 738 —
1114 715 1207 751 486.
1255 712 1330 753 hac
1361 725 1544 761 annona,
1592 716 1636 752 ef.

152 779 200 818 ad
231 780 314 818 Mil.
349 781 441 819 323.
484 801 535 806 —
574 779 667 820 sine
704 778 836 820 sacris
874 778 1099 830 hereditas,
1149 798 1182 820 v.
1218 783 1264 819 ad
1306 783 1417 833 Capt.
1454 784 1545 821 769.
1590 803 1634 808 -

152 850 246 888 488.
277 846 338 887 uti
368 851 412 887 A.
447 870 498 875 —
542 851 633 888 489.
674 860 850 900 nequeas
880 847 1026 888 saltem
1056 852 1100 888 A.
1139 871 1186 876 —
1230 852 1323 889 490.
1365 846 1476 889 abste
1507 853 1552 889 A.
1588 871 1639 876 --

153 919 245 956 492.
288 915 428 956 decent
458 915 694 967 opulentiae
724 919 774 967 A3
821 919 1084 969 personaliter
1123 919 1268 956 dicitur
1308 923 1351 956 ut
1393 919 1510 956 Most.
1548 921 1637 957 162.

158 987 232 1025 169
265 985 342 1024 Cic.
376 986 447 1024 Off.
481 986 511 1034 I,
547 987 610 1033 31,
649 987 737 1024 113.
772 988 819 1025 al.
856 1006 902 1012 --
940 989 1032 1025 494.
1066 984 1280 1025 emisimus
1311 988 1366 1033 A;
1407 987 1473 1024 sed
1505 1000 1639 1024 versus

153 1059 358 1104 corruptus
405 1058 482 1102 est,
539 1057 692 1092 etiamsi
747 1069 996 1094 numerorum
1051 1069 1165 1093 causa
1226 1054 1417 1103 „animai“
1472 1055 1638 1105 legatur.

153 1122 270 1161 Edidi
315 1136 402 1161 cum
446 1123 644 1173 plerisque
683 1123 792 1161 Pium
848 1128 884 1161 et
931 1124 1150 1161 Acidalium
1198 1127 1353 1161 secutus
1399 1133 1519 1173 quam
1569 1136 1639 1173 pro

155 1188 287 1242 „qui“,
321 1195 365 1229 ut
404 1193 474 1229 sit:
523 1191 607 1239 Dii,
642 1192 784 1229 divites
825 1197 926 1238 sunt,
973 1205 1104 1230 verum
1140 1205 1210 1230 nos
1244 1192 1466 1229 homunculi
1493 1204 1638 1237 sumus,

154 1261 219 1311 qui
257 1273 372 1310 quum
405 1261 573 1309 primum
605 1260 767 1297 salinum
802 1262 938 1298 animae
971 1261 1191 1307 amisimus,
1235 1273 1370 1297 omnes
1409 1273 1479 1310 pro
1519 1260 1639 1297 nihilo

153 1342 298 1366 sumus.
360 1330 516 1374 Anima,
550 1341 635 1378 quae
666 1329 748 1365 sola
779 1331 899 1366 vitam
931 1329 1097 1366 hominis
1130 1333 1272 1376 servat,
1307 1341 1390 1366 cum
1425 1329 1504 1365 sale
1537 1341 1639 1365 com-

153 1401 328 1448 paratur,
360 1397 474 1434 homo
508 1399 675 1434 animam
708 1399 910 1435 continens
935 1411 1020 1434 cum
1047 1398 1181 1435 salino.
1244 1396 1482 1434 Dubitarunt
1507 1402 1638 1434 tamen

155 1465 201 1503 de
216 1465 288 1504 hoc
305 1465 493 1502 vocabulo
517 1466 642 1502 multi.
693 1465 833 1513 Bergk.
859 1463 1155 1513 .‚stalagmium“
1175 1466 1392 1514 proposuit,
1423 1464 1639 1502 Fritschius

155 1537 194 1571 et
219 1533 275 1572 Fl.
309 1534 543 1582 „scintilla“‚
579 1530 644 1570 R?
675 1534 901 1572 dubitanter
936 1531 1172 1581 ,‚sitellum“‚
1209 1533 1384 1583 Loewius
1409 1529 1512 1582 (R.3)
1548 1547 1639 1581 „ua-

154 1599 330 1648 tillum“,
362 1604 387 1640 i.
412 1616 443 1640 e.
470 1603 663 1640 batillum.
732 1602 837 1640 Brix.
870 1600 942 1652 qui
972 1603 1138 1640 retinuit
1168 1603 1223 1639 sic
1253 1603 1436 1651 iungens:
1483 1614 1640 1649 „verum

156 1682 223 1707 nos
247 1669 473 1708 homunculi
499 1684 641 1719 eumue,
669 1673 734 1720 qui
761 1683 876 1721 quom
896 1671 1092 1720 extemplo
1111 1670 1360 1708 scintillulam
1381 1666 1472 1717 (sic)
1505 1671 1641 1707 animae

156 1736 394 1784 emisimus“,
427 1741 541 1777 nimis
573 1739 680 1777 dure.
756 1738 940 1789 Spengel.
976 1736 1092 1788 „qui“
1129 1739 1284 1776 delebat
1315 1739 1508 1776 scribens:
1552 1738 1641 1785 „Sal

155 1806 247 1844 illuc
277 1808 428 1844 animae
459 1805 693 1858 quomque“,
729 1808 837 1857 quasi
865 1807 935 1844 hoc
967 1821 1039 1857 pro
1072 1819 1344 1856 quemcunque
1375 1808 1468 1856 poni
1497 1811 1640 1856 posset..

157 1874 267 1922 Quod
298 1888 415 1925 quum
448 1888 523 1913 non
556 1876 722 1922 credam,
756 1880 885 1913 tamen
918 1889 993 1912 non
1019 1875 1170 1921 dubito,
1204 1876 1295 1924 quin
1323 1879 1425 1912 recte
1449 1876 1642 1912 iunxerit:

160 1956 320 1991 „uerum
354 1957 424 1982 nos
456 1945 679 1982 homunculi
712 1957 825 1994 quom
860 1945 1053 1994 extemplo
1085 1945 1294 1990 amisimus,
1329 1944 1388 1980 vel
1419 1941 1640 1981 emisimus“

157 2011 273 2062 quod,
319 2014 352 2049 si
393 2013 562 2050 salillum
594 2014 810 2059 retinetur,
862 2026 933 2063 pro
979 2011 1184 2050 effudimus
1229 2011 1527 2060 intelligendum
1573 2016 1641 2049 est.

157 2081 243 2132 Ipse
288 2083 583 2132 proposuerim:
650 2081 851 2128 „Salillum
903 2083 1055 2118 animae
1101 2094 1215 2130 quom
1262 2081 1457 2130 extemplo
1502 2076 1645 2118 ‘miseri

157 2148 377 2188 amisimus“
410 2169 457 2175 —
493 2151 586 2188 495.
620 2148 764 2200 Aequo
796 2151 839 2186 A.
873 2168 921 2174 —
954 2149 1047 2187 496.
1082 2146 1137 2187 ad
1166 2145 1443 2186 Acheruntem
1474 2149 1519 2195 A,
1553 2150 1576 2186 i.
1611 2162 1642 2186 e.

157 2218 273 2268 apud,
320 2232 354 2255 v.
388 2219 436 2256 ad
476 2218 574 2255 Rud.
617 2219 733 2256 1269.
784 2236 833 2242 -
882 2219 974 2255 497.
1027 2215 1135 2263 „An“
1186 2217 1260 2254 del.
1308 2216 1374 2265 R.;
1419 2217 1479 2254 Fl.
1530 2214 1640 2265 „Au“

157 2288 341 2336 scripsit,
404 2287 569 2325 Lorenz.
622 2284 746 2333 „Ah“.
802 2282 903 2334 quin
951 2285 995 2322 tu
1039 2286 1085 2322 A.
1140 2282 1293 2322 mirum
1345 2283 1446 2335 quin
1491 2298 1645 2335 semper

156 2355 302 2393 ironice
329 2355 504 2401 dicitur,
544 2369 578 2392 v.
613 2355 661 2392 ad
692 2354 833 2404 Amph.
869 2355 960 2391 743.
1001 2373 1055 2378 -
1095 2354 1188 2390 498.
1236 2363 1381 2391 nomen
1423 2350 1549 2400 cluet,
1597 2354 1643 2391 cf.

160 2424 252 2462 310.
295 2424 395 2471 622,
440 2424 464 2460 i.
499 2437 529 2460 e.
564 2427 750 2460 mortuus.
798 2442 850 2447 —
900 2423 990 2459 502.
1038 2421 1160 2459 Solita
1200 2423 1424 2472 sponsionis
1462 2422 1642 2466 formula,

105 2541 110 2547 η
158 2506 194 2529 v.
227 2491 275 2528 ad
307 2492 395 2529 Aul.
429 2492 521 2529 248.
589 2487 761 2529 Habeon
790 2486 986 2539 pactam?
1029 2503 1220 2535 sororem,
1263 2491 1308 2527 cf.
1347 2491 1464 2529 1183.
1527 2490 1644 2527 Poen.

162 2560 286 2598 1154:
338 2559 519 2608 „Pactam
553 2574 631 2597 rem
663 2557 847 2608 habetof‘.
899 2578 943 2583 —
996 2560 1086 2595 505.
1143 2553 1222 2597 Ubi
1257 2568 1359 2596 usu-S·
1398 2555 1504 2596 nihil
1545 2559 1643 2605 erat,

158 2642 194 2665 v.
226 2628 318 2665 428.
366 2647 419 2652 —
468 2631 558 2667 506.
605 2625 680 2665 hic.
755 2627 799 2664 R.
837 2623 981 2673 „hoc“;
1027 2625 1092 2663 Br.
1125 2630 1164 2663 et
1204 2626 1281 2663 alia
1321 2627 1456 2664 attulit
1486 2631 1525 2663 et
1555 2626 1643 2663 Ter.

158 2697 279 2734 Andr.
314 2698 393 2735 637
426 2710 503 2747 sq.:
549 2697 669 2744 „nihil
702 2695 851 2745 pudent
881 2694 956 2742 hic,
998 2694 1063 2731 ubi
1095 2707 1191 2743 opus
1223 2699 1302 2740 est3
1343 2695 1424 2732 illic
1454 2694 1518 2731 ubi
1549 2693 1645 2731 nihil

159 2778 257 2818 opus
288 2769 360 2806 est,
392 2765 443 2802 ibi
476 2762 702 2802 uerentur“.
736 2782 788 2787 —
831 2764 921 2800 507.
965 2760 1106 2811 Quom,
1145 2777 1180 2800 v.
1213 2763 1261 2800 ad
1293 2763 1433 2813 Amph.
1468 2763 1560 2800 636.
1592 2781 1646 2786 —

82 2830 101 2890 '-
162 2835 253 2872 509.
287 2829 381 2872 haec
409 2843 488 2879 res,
523 2847 606 2870 mea
637 2833 809 2870 fortuna.
836 2851 889 2855 —
923 2831 1014 2869 511.
1048 2828 1097 2869 de
1128 2827 1295 2869 diuitiis
1326 2830 1467 2879 Bergk.
1495 2843 1565 2867 em.
1596 2848 1646 2854 —
