2009 3218
159 173 186 216 Ι,
216 176 243 214 1,
269 174 390 210 72—2‚
419 174 458 206 14
772 172 1028 207 'l'ruculentus.
1562 178 1643 216 343

152 297 258 340 Mihi
287 296 423 338 uerba
453 301 576 338 retur
606 298 709 339 dare
744 311 812 348 se3
844 311 900 338 an
931 311 998 338 me
1029 299 1198 340 censuit

152 369 302 412 Celare
333 383 376 409 se
410 373 598 422 potesse.
630 369 812 421 grauida
844 369 878 409 si
910 367 1053 410 foret?

149 441 255 483 Nam
288 454 368 493 ego
402 440 562 481 Lemno
595 440 782 482 aduenio
816 441 1011 482 Athenas
1043 441 1200 482 nudius
1233 443 1398 493 tertius,
1597 455 1641 487 95

148 513 335 566 Legatus
367 526 451 566 quo
483 525 579 553 cum
612 511 784 565 publico
818 513 1000 566 imperio
1031 512 1104 553 fui.

150 583 231 626 Sed
262 584 370 626 haec
402 584 574 636 quidem
607 585 698 625 eius
731 584 985 637 Astaphium
1019 589 1085 626 est
1116 585 1343 636 ancillula3

147 654 251 698 Cum
284 669 334 697 ea
365 669 534 709 quoque
567 656 696 697 etiam
728 656 831 696 mihi
864 655 945 696 fuit
977 658 1293 698 commercium.

282 848 602 890 ASTAPHIUM
640 847 881 890 ANCILLA
973 849 1322 891 DINIARCIIUS
1357 850 1497 891 IDEM

726 952 759 992 A
773 956 858 992 sta
871 966 894 1004 p
909 951 933 991 h
953 952 1002 992 iu
1015 966 1054 992 m

254 1023 319 1065 Ad
351 1024 465 1065 fores
496 1024 742 1065 auscultate
775 1028 907 1077 atque
940 1024 1170 1066 adseruate
1203 1024 1336 1073 aedis,

253 1095 317 1138 Ne
349 1096 421 1148 qui
453 1095 666 1137 aduentor
697 1097 875 1149 grauior
905 1096 1045 1138 abitat
1076 1110 1204 1150 quam
1236 1096 1457 1146 adueniat,
1573 1109 1636 1142 100

253 1167 346 1208 Neu
378 1168 453 1222 qui
485 1181 639 1209 manus
671 1167 869 1209 attulerit
901 1168 1062 1210 sterilis
1094 1170 1207 1209 intro
1239 1168 1294 1210 ad
1324 1182 1417 1219 nos,

255 1238 471 1281 Grauidas
503 1239 621 1281 foras
654 1244 864 1293 exportet.
928 1239 1039 1281 Noui
1072 1254 1150 1293 ego
1183 1240 1403 1281 hominum
1438 1254 1589 1282 mores.

139 1312 206 1354 Ita
231 1325 342 1353 nunc
367 1311 670 1353 adulescentes
696 1313 854 1353 morati
881 1317 1000 1353 sunt:
1034 1313 1152 1366 quini
1178 1319 1254 1353 aut
1278 1313 1367 1354 seni
1395 1313 1635 1355 adueniunt

522 1384 589 1425 Ad
622 1388 770 1425 scorta
803 1397 1106 1438 congerrones.

138 1456 345 1499 Consulto
377 1455 556 1498 consilio
589 1456 763 1509 quando
795 1457 911 1498 intro
944 1456 1231 1506 aduenerunt,
1571 1469 1634 1503 105

137 1528 282 1572 Oenus
321 1542 468 1570 eorum
509 1528 644 1581 aliqui
684 1528 871 1570 ioculum
911 1529 1076 1570 amicae
1117 1542 1253 1582 usque
1301 1529 1488 1582 oggerit,
1534 1529 1634 1571 dum

938 1601 1001 1643 illi
1033 1605 1178 1654 agant.

135 1672 207 1716 Sin
238 1673 391 1715 uident
422 1674 670 1727 quempiam
702 1687 747 1714 se
780 1673 1030 1723 adseruare,
1063 1672 1283 1714 obiectant
1307 1674 1381 1726 qui
1407 1674 1633 1715 custodem

940 1745 1170 1786 oblectent.

137 1815 218 1857 Per
256 1816 447 1858 ioculum
488 1820 531 1858 et
569 1816 716 1858 ludum
749 1817 801 1858 de
832 1821 982 1859 nostro
1014 1817 1040 1869 †
1070 1831 1171 1870 sepe
1203 1817 1366 1858 aedunt
1396 1818 1514 1872 quod
1544 1818 1630 1860 far-

936 1894 1053 1931 tores
1084 1888 1261 1931 faciunt.

136 1960 204 2002 Fit
227 1961 311 2014 ,pol
349 1960 452 2007 hoc,
501 1965 544 2002 et
585 1975 686 2014 pars
727 1965 1025 2015 spectatorum
1056 1963 1177 2003 scitis
1209 1962 1281 2016 pol
1313 1962 1420 2004 haec
1450 1976 1531 2005 uos
1563 1978 1630 2006 me

939 2033 1055 2075 haud
1088 2035 1274 2075 mentiri.

133 2103 242 2147 Ibist
268 2104 362 2147 ibus
388 2120 558 2159 pugnae
586 2110 629 2147 et
654 2107 808 2147 uirtuti
833 2106 885 2147 de
913 2105 1204 2160 praedonibus
1230 2106 1435 2160 praedam
1463 2121 1630 2161 capere.

243 2242 286 2275 93
312 2241 428 2276 berba
451 2240 488 2275 Β
559 2253 597 2276 se
624 2253 704 2275 ame
775 2242 819 2275 94
844 2245 968 2285 potest
993 2253 1032 2276 se
1056 2241 1093 2275 Β
1162 2243 1205 2276 9ss
1230 2242 1393 2286 Legat-,us
1418 2242 1506 2277 hinc
1531 2243 1631 2287 quod

132 2308 215 2332 cum
285 2299 329 2332 97
354 2297 434 2332 haec
449 2298 582 2341 quibus
597 2298 727 2332 melius
743 2300 799 2332 est
868 2299 911 2332 98
938 2298 1027 2332 Cum
1043 2309 1129 2342 ergo
1145 2310 1291 2343 quoque
1358 2300 1580 2334 comertium
1594 2299 1631 2334 Β

223 2353 476 2389 DIMARCUS
500 2353 550 2398 Β,
578 2354 823 2389 DINARCUS
850 2354 879 2389 O
967 2355 1011 2388 99
1033 2355 1109 2389 Aut
1133 2355 1230 2389 foras
1256 2355 1292 2389 Β
1383 2356 1557 2391 adseruas
1582 2356 1628 2400 Β,

134 2420 258 2444 seruas
285 2410 315 2445 G
411 2413 476 2445 100
501 2413 582 2455 quis
668 2412 818 2445 abaetat
842 2411 887 2452 B,
915 2411 1022 2445 abeat
1050 2411 1079 2446 G
1162 2424 1233 2456 qua
1258 2412 1293 2446 Β
1395 2415 1456 2447 101
1485 2414 1629 2448 steriles

138 2467 200 2500 102
225 2470 372 2501 exortet
471 2468 659 2502 hominum
687 2479 756 2512 ego
783 2467 818 2501 Β
922 2469 983 2502 103
1010 2468 1135 2512 quinei
1162 2473 1225 2503 aut
1250 2481 1360 2504 senec
1452 2470 1528 2504 Aut
1551 2475 1628 2505 cett.

134 2534 211 2558 cum
232 2525 398 2567 proximo
421 2535 528 2560 versu
552 2526 672 2569 iunyit
695 2524 731 2559 Β
828 2527 891 2559 104
916 2535 1146 2568 congerones
1250 2527 1312 2560 105
1338 2526 1517 2561 Consulta
1542 2531 1630 2562 sunt

133 2580 288 2615 consilio
382 2583 444 2616 106
469 2581 570 2617 Unus
599 2581 628 2617 Ο
717 2581 849 2625 aliquis
877 2581 1024 2615 oculum
1051 2582 1256 2626 amicensq3
1342 2582 1516 2627 Sequitur
1539 2594 1629 2618 novo

132 2647 234 2672 versu
255 2625 308 2672 §S
338 2637 515 2673 CETERI
542 2638 767 2672 CLEI’TAE
792 2637 941 2672 rubrica
966 2637 1011 2682 B,
1039 2639 1171 2674 lacuna
1198 2639 1228 2675 G
1337 2642 1400 2674 107
1427 2641 1629 2675 obludeant

136 2694 198 2727 108
223 2694 322 2738 quod
346 2694 467 2729 sectos·
491 2694 632 2731 faciunt
658 2694 693 2729 B
803 2696 866 2728 109
893 2695 1015 2729 scistis
1116 2696 1191 2740 poli
1218 2707 1269 2738 ec„
1285 2707 1351 2731 uos
1377 2696 1413 2730 Β
1505 2702 1569 2731 aut
1593 2697 1628 2730 B

137 2751 199 2783 110
222 2750 281 2784 Ibi
306 2751 418 2795 sibiq;
443 2751 490 2794 Β,
517 2752 567 2785 ibi
593 2752 719 2785 usibus
747 2750 776 2786 Ο
842 2762 966 2794 pugne
990 2750 1026 2785 Β
