2009 3218
117 205 188 248 III,
211 208 245 249 4,
270 206 403 241 32—44
790 204 950 240 Rudons.
1525 209 1598 247 131

720 329 995 371 Trachalio
1295 379 1303 386 „

118 404 259 459 Atque
291 416 387 445 eras
418 407 518 445 tuas
548 402 720 458 quidem
755 401 896 444 hercle
929 407 1059 455 atque
1093 417 1141 443 ex
1169 417 1373 455 germana
1401 406 1605 454 Graec-iffi

118 475 226 518 Nam
259 475 397 518 altera
428 475 535 517 haec
567 478 634 516 est
665 478 768 515 nata
800 474 981 515 Athenis
1014 473 1212 525 ingemas
1236 476 1503 526 parentibus.

720 568 763 610 D
775 583 797 609 α
808 582 828 609 e
838 582 877 609 m
890 582 911 606 ο
921 582 947 609 ‘n
960 582 980 608 e
989 582 1010 609 s

121 642 231 694 Quid
265 655 343 696 ego
376 656 426 684 ex
458 645 501 683 te
533 641 662 683 audio
672 641 692 682 ⁸?

721 721 785 762 Tr
795 733 818 761 α
832 720 885 761 εΙι
895 733 918 770 α
929 720 942 760 l
952 719 969 760 z·
979 736 1000 758 ο

742 792 864 834 Hanc
894 791 1076 834 Athenis
1109 805 1200 834 esse
1232 798 1378 837 natam
1413 797 1605 842 liberam.

719 887 1009 930 Daemones

121 961 218 1003 Mea
248 960 473 1015 popularis
505 960 687 1003 obsecro
720 960 828 1002 haec
859 959 953 1001 est?

725 1054 1003 1096 Trachalio

946 1126 1043 1168 Non
1075 1130 1123 1168 tu
1156 1126 1412 1182 Cyrenensis
1445 1132 1519 1173 es?
1544 1145 1612 1178 '730

720 1207 765 1250 D
774 1221 797 1249 α
809 1221 828 1249 e
838 1221 877 1248 m
888 1221 910 1247 0
922 1222 950 1248 n
961 1221 981 1248 e
990 1221 1012 1248 s

122 1280 255 1322 Immo
287 1279 467 1322 Athenis
499 1284 629 1322 natus
660 1279 863 1335 altusque
894 1279 1194 1334 educatusque
1226 1281 1391 1322 Atticis.

728 1371 1010 1413 Trachalio

123 1442 331 1493 Obsecro,
364 1442 547 1486 defendo
581 1443 689 1485 ciuis
720 1449 832 1494 tuas,
865 1456 1008 1485 senex.

725 1533 1021 1576 Daemones

1072 1606 1108 1649 O
1139 1606 1242 1659 filia,

127 1677 263 1728 Quom
296 1692 374 1733 ego
405 1678 516 1721 hanc
547 1679 689 1728 uideo,
722 1693 913 1721 mearum
946 1692 1013 1721 me
1041 1679 1196 1722 absens
1221 1681 1491 1723 miseriarum
1517 1696 1615 1724 con-

1077 1765 1237 1795 mones.

127 1821 273 1864 'Prima
304 1836 414 1876 quae
446 1823 578 1877 periit
609 1822 725 1874 mihi,
758 1824 843 1866 iam
876 1828 1003 1866 tanta
1034 1829 1162 1874 esset,
1196 1825 1230 1866 si
1262 1826 1385 1875 uiuit,
1417 1828 1518 1868 scio.

765 1914 976 1957 Labrax

129 1985 366 2039 Argentum
399 1999 477 2039 ego
508 2000 588 2040 pro
619 1986 766 2028 istisce
799 1987 1033 2035 ambabus,
1074 1988 1231 2042 quoiae
1263 1993 1408 2034 erant.
1442 1989 1618 2032 domino

1081 2059 1192 2101 dedi.
1551 2074 1619 2107 735

131 2128 243 2180 Quid
274 2143 369 2172 mea
398 2129 546 2180 refert,
578 2130 683 2172 haec
715 2131 893 2172 Athenis
925 2135 1056 2173 natae
1089 2146 1142 2173 an
1175 2131 1334 2175 Thebis
1367 2134 1492 2184 sient,

132 2200 240 2244 Dum
272 2201 377 2244 mihi
408 2207 525 2244 recte
559 2203 816 2244 seruitutem
847 2203 1070 2245 seruiant‘?

732 2294 1013 2334 Trachalio

1121 2366 1257 2417 Itane,
1278 2367 1503 2422 .inpudens
1517 2370 1536 2410 Ῥ

132 2434 252 2478 Tune
283 2435 354 2478 hic
384 2436 484 2479 felis
516 2437 743 2491 uirginalis
775 2437 936 2480 liberos
968 2438 1221 2492 parentibus

134 2505 361 2550 Sublectos
392 2508 574 2550 habebis
607 2513 740 2563 atque
772 2509 948 2561 indigno
980 2514 1166 2563 quaestu
1200 2513 1430 2553 conteres?

248 2667 315 2700 727
338 2666 445 2701 heras
470 2665 506 2701 B
650 2668 717 2701 728
743 2667 778 2700 in
806 2678 824 2701 e
839 2693 1030 2703 .........
1046 2668 1145 2702 tibus
1170 2668 1216 2711 B,
1242 2669 1320 2703 sine
1335 2694 1455 2706 ......
1471 2670 1570 2705 tibus
1598 2671 1627 2705 C

135 2723 199 2757 731
227 2723 355 2767 attigis
470 2724 537 2758 733
562 2723 645 2758 Mea
669 2735 750 2758 cum
868 2735 924 2757 me
951 2734 1016 2758 om.
1044 2723 1074 2758 0
1184 2727 1251 2760 736
1276 2726 1332 2760 hae
1448 2726 1571 2761 thebae
1597 2727 1626 2761 C

135 2779 202 2814 '738
227 2779 321 2814 fallis
422 2780 488 2815 '739
513 2780 708 2815 Subiectos
735 2779 769 2813 B
861 2784 994 2824 questu

1282 2854 1350 2887 .9*
