2009 3218
299 202 379 242 626
908 196 1161 232 Truculentus.

297 328 344 365 cf.
376 327 424 364 ad
456 325 537 363 Mil.
571 326 663 363 423.
742 322 787 363 in
823 325 969 363 nostra
1009 322 1146 372 domo,
1186 326 1231 363 cf.
1266 325 1351 363 Cas.
1387 327 1479 363 595.
1535 324 1644 362 Cure.
1680 327 1773 364 209.

297 395 436 432 Pseud.
470 395 541 441 85,
583 405 679 442 quos
717 405 848 431 omnes
886 393 992 430 locos
1031 392 1226 430 Abraham
1258 394 1356 430 Ann.
1389 393 1484 442 phil.
1518 392 1653 443 Suppl.
1684 392 1775 430 XIV

298 477 335 513 p.
372 463 446 499 197
489 459 752 498 emendandos
784 462 927 497 censet.
972 479 1026 485 —
1073 461 1164 498 259.
1218 455 1452 509 Comprime
1489 457 1553 502 θέε
1591 457 1698 498 iram
1729 461 1773 498 A.

298 529 409 576 Quod
441 527 543 577 apud
572 527 742 565 Marium
773 523 1019 565 Sacerdotem
1050 541 1089 578 p.
1121 529 1199 566 453
1233 531 1273 564 et
1303 528 1380 565 461
1410 527 1554 574 legitur
1582 529 1775 577 „reprime

298 598 349 633 sis
380 593 500 633 iram“
536 599 671 645 aperte
701 596 887 633 vitiosum
918 599 998 641 est,
1030 607 1137 639 nam,
1178 598 1222 632 ut
1253 595 1309 632 ait
1339 595 1507 641 Keilius,
1552 595 1772 645 „reprime“

297 662 584 713 turpitudinem
617 676 702 715 ‘non
739 663 868 700 habet.
943 661 1018 700 Sed
1063 662 1165 712 quod
1212 663 1389 710 sequitur
1424 660 1572 710 „eam“,
1611 675 1776 712 pravum

299 744 381 768 esse
410 744 445 768 v.
473 731 549 768 261
583 731 766 769 ostendit.
826 731 925 768 Nam
959 731 1015 767 vis
1046 730 1121 767 loci
1152 730 1279 779 posita
1311 733 1368 766 est
1397 731 1438 766 in
1469 742 1516 766 ea
1547 729 1778 780 duplicitate

298 797 607 848 significationis,
655 812 731 848 qua
769 800 911 849 saepius
948 798 1075 835 utitur
1114 797 1297 843 Plautus,
1343 811 1378 834 v.
1419 798 1468 834 ad
1506 797 1646 847 Amph.
1684 798 1774 836 343.

299 867 496 913 Quaeritur
526 868 673 912 autem,
721 879 797 915 quo
830 866 942 904 modo
973 867 1095 911 vocis,
1142 877 1227 914 quae
1260 868 1319 902 est
1348 860 1493 911 iram,-
1513 878 1589 902 una
1619 864 1778 915 dempta

297 934 432 971 littera
475 934 644 971 obscena
689 933 968 983 comprimendi
1014 934 1072 970 vis
1118 937 1318 982 appareat.
1402 932 1610 982 Geppert.,
1664 946 1776 982 quem

299 1001 478 1051 Spengel.
510 1003 708 1050 sequitur,
759 998 929 1048 „eiram“
979 1003 1016 1037 et
1060 997 1214 1047 „eram²‘
1263 1001 1440 1050 scripsit,
1488 1001 1664 1049 quamvis
1708 1014 1778 1038 nec

300 1069 346 1106 de
377 1069 470 1106 hera
499 1069 601 1107 ullus
639 1082 763 1107 sermo
802 1081 882 1106 esse
913 1068 1041 1118 possit
1070 1080 1141 1105 nec
1179 1067 1375 1105 adimatur
1412 1067 1546 1105 littera
1585 1068 1653 1105 sed
1691 1081 1775 1106 cor-

298 1137 470 1187 ripiatur
498 1137 655 1175 vocalis.
731 1135 797 1173 Sin
828 1140 959 1173 autem
990 1148 1010 1172 r
1039 1136 1210 1173 litteram
1243 1135 1477 1185 dempseris,
1516 1132 1602 1173 iam
1641 1140 1776 1173 restat.

300 1205 442 1243 Servus
492 1202 621 1252 ‚,Iam“
668 1205 816 1254 inquit,
862 1217 914 1241 sc.
956 1208 996 1240 te
1037 1204 1288 1252 comprimam
1335 1207 1401 1250 „tu
1443 1216 1541 1253 quae
1581 1204 1698 1241 solita
1739 1217 1778 1241 es

299 1269 563 1321 comm-imi&
595 1273 649 1309 sic
695 1273 815 1318 enim,
862 1272 1039 1321 quamvis
1083 1272 1121 1308 in
1160 1272 1194 1308 A
1230 1272 1364 1321 potius
1413 1270 1671 1320 „comprime“
1714 1285 1777 1309 ex-

300 1344 402 1378 stare
449 1341 621 1387 dicatur,
667 1339 913 1378 scribendum
953 1339 1130 1386 videtur;
1177 1339 1244 1376 illa
1284 1339 1512 1389 respondet:
1560 1339 1645 1376 Non
1689 1340 1793 1385 iam„

300 1409 367 1445 sed
406 1409 502 1445 iram
542 1408 634 1444 dixi.
675 1427 728 1433 —
768 1409 859 1446 260.
901 1404 1110 1455 Inpudens
1148 1415 1251 1456 quae
1290 1411 1328 1444 et
1364 1404 1518 1445 suades
1549 1408 1594 1445 A.
1667 1407 1778 1445 Asta-

258 1476 434 1529 .,„Phi¹1m
480 1489 521 1513 re
567 1488 660 1512 vera
705 1475 804 1513 nihil
848 1475 1003 1512 obsceni
1047 1475 1190 1521 suasit3
1244 1474 1311 1512 sed
1363 1487 1486 1512 saevus
1533 1475 1599 1512 ille
1644 1488 1779 1513 servus

238 1508 275 1559 w*
300 1557 382 1581 eam
413 1553 493 1592 per
522 1540 743 1581 ridiculum
779 1543 856 1580 tale
896 1542 990 1592 quid
1031 1541 1266 1592 significasse
1297 1544 1438 1592 arguit.
1481 1563 1534 1569 -—
1580 1544 1672 1581 261.
1727 1539 1782 1582 Ut

299 1612 342 1649 tu.
378 1607 572 1660 accepisti
610 1611 790 1649 Mueller.
830 1610 994 1648 Prosod.
1033 1624 1070 1660 p.
1113 1612 1177 1649 26.
1248 1607 1460 1659 dempsisti
1503 1621 1630 1649 unam
1674 1608 1776 1649 zitte-

298 1689 386 1717 ram
417 1681 462 1716 A.
495 1699 546 1704 ——
581 1679 672 1716 262.
714 1675 860 1717 Nimis
891 1675 1056 1728 quidem
1086 1675 1153 1717 hic
1183 1680 1228 1716 A.
1263 1698 1312 1704 —
1350 1680 1442 1717 263.
1479 1676 1598 1729 „ego“
1632 1679 1777 1725 delevi3
1838 1685 1842 1689 “

297 1747 408 1797 prob.
440 1747 633 1784 Fleckeis.
664 1748 763 1784 Ann.
797 1746 891 1796 phil.
925 1745 953 1783 C
984 1761 1021 1797 p.
1056 1748 1148 1785 783.
1212 1743 1317 1796 Quia
1351 1744 1470 1794 enim,
1501 1761 1535 1785 v.
1565 1747 1613 1785 ad
1636 1747 1776 1797 Amph.

299 1817 391 1854 659.
434 1835 486 1840 -
534 1815 723 1853 truncum
761 1811 917 1853 lentum
954 1812 1148 1852 nominas
1177 1816 1230 1862 A;
1277 1815 1491 1864 Stratyllax
1521 1828 1676 1865 quoque
1706 1827 1778 1864 pro

296 1897 365 1922 suo
403 1885 556 1934 ingenio
593 1883 753 1920 facetias
792 1883 952 1932 quaerit,
1000 1883 1106 1933 quod
1153 1884 1330 1932 quamvis
1368 1883 1555 1920 insulsum
1596 1883 1779 1920 videatur

297 1951 501 1998 Sehoessio,
532 1951 714 1988 Plautum
744 1954 873 1988 tamen
905 1951 1074 1988 voluisse
1105 1954 1280 2001 apparet.
1361 1951 1555 1998 „truncus
1593 1964 1664 2002 pro
1696 1954 1776 1988 stu-

255 2028 261 2038 ‘
296 2019 389 2068 pido
428 2019 580 2057 homine
620 2018 753 2056 Cicero
790 2018 879 2056 Nat.
912 2018 1027 2057 Deor.
1058 2019 1094 2065 I,
1130 2020 1200 2065 30,
1235 2020 1299 2056 84.
1355 2018 1482 2056 Pison.
1517 2020 1560 2065 9,
1604 2020 1666 2057 19.
1698 2016 1773 2056 a].“

297 2087 383 2137 Sp.;
416 2084 550 2125 lentus
581 2087 726 2125 dicitur
753 2094 906 2133 ramus,
939 2087 1068 2134 virga,
1101 2087 1297 2124 vinculum
1329 2083 1450 2134 (Men.
1485 2084 1576 2135 94),
1619 2087 1776 2124 omnino

297 2154 486 2204 quidquid
518 2167 593 2192 non
630 2155 743 2198 facile
782 2153 985 2192 movetur.'
1015 2174 1068 2180 —
1109 2155 1186 2192 264
1227 2158 1332 2192 recte
1363 2155 1408 2192 A.
1453 2174 1500 2180 —
1544 2156 1621 2193 265
1664 2153 1777 2192 affert

294 2222 443 2260 Nonius
474 2236 511 2272 p.
545 2224 623 2260 457
655 2229 700 2261 ut
730 2236 812 2261 nos.
875 2223 996 2261 Varro
1028 2222 1073 2260 R.
1106 2223 1150 2260 R.
1183 2222 1231 2268 ΙΙ,
1265 2225 1301 2269 4,
1337 2224 1406 2260 14:
1444 2222 1617 2271 „Haram
1648 2223 1776 2260 facere

295 2294 452 2339 oportet
481 2291 637 2328 circiter
666 2292 785 2328 trium
816 2290 959 2341 pedum
991 2292 1121 2329 altam.
1190 2291 1420 2328 Altitudinis
1450 2290 1588 2329 modus
1619 2292 1690 2335 sit,
1733 2295 1777 2327 ut

295 2357 477 2395 subulcus
507 2357 620 2396 facile
651 2360 945 2409 circumspicere
977 2360 1123 2408 possit,
1170 2373 1217 2397 ne
1256 2361 1323 2409 qui
1361 2359 1556 2409 porcellus
1593 2371 1615 2395 a
1652 2361 1776 2395 matre

295 2427 539 2482 opprimatur
570 2430 607 2462 et
637 2430 681 2463 ut
710 2427 824 2464 facile
861 2439 1031 2476 purgare
1070 2427 1194 2477 possit
1231 2424 1397 2464 cubile“.
1473 2426 1776 2464 Proverbialiter

293 2497 336 2530 ut
375 2493 410 2530 h.
444 2493 467 2530 l.
508 2494 547 2530 in
584 2495 738 2532 senario
778 2495 879 2544 apud
920 2495 1030 2533 Serv.
1072 2495 1120 2533 ad
1151 2495 1240 2532 AEn.
1281 2494 1337 2537 ΙΙ,
1372 2495 1477 2532 357:
1526 2498 1590 2540 „et
1627 2505 1698 2541 ego
1736 2497 1775 2529 te

296 2561 527 2599 conculcabo
549 2564 593 2598 ut
617 2575 681 2598 sus
699 2563 847 2600 catulos
864 2562 994 2601 suos“.
1015 2582 1064 2588 -
1085 2564 1177 2601 266.
1210 2562 1297 2600 Rus
1313 2571 1482 2608 merum,
1508 2562 1553 2599 cf.
1572 2561 1689 2599 Most.
1712 2562 1774 2598 15.

295 2647 350 2653 —
381 2629 420 2666 et
448 2632 553 2666 recte
586 2628 664 2675 BC;
696 2639 794 2667 uero
825 2634 884 2667 est
906 2644 1011 2678 uere,
1044 2631 1090 2668 cf.
1117 2631 1209 2668 491.
1257 2630 1366 2680 Capt.
1396 2631 1485 2667 562.
1513 2630 1560 2666 al.
1625 2625 1772 2675 „cluri-

297 2706 393 2734 >mm
414 2693 566 2745 pecus“
604 2697 660 2734 ait
684 2696 840 2734 Servius
871 2697 918 2734 ad
944 2698 1033 2736 AEn.
1059 2698 1088 2744 I,
1116 2700 1194 2736 435
1232 2697 1417 2745 „Plautus
1448 2698 1601 2735 simiam
1633 2694 1773 2742 dixit“‚

293 2765 338 2801 cf.
365 2765 510 2803 Arnon.
542 2778 580 2815 p.
609 2765 684 2802 123
719 2763 845 2805 Reiff..
879 2764 1006 2803 Gloss.
1032 2779 1093 2816 ap.
1120 2766 1247 2808 Loew.
1267 2766 1351 2802 Act.
1381 2778 1456 2803 soc.
1481 2764 1576 2815 phil.
1598 2764 1702 2814 Lips.
1722 2763 1774 2800 VI
