2009 3218
145 232 204 276 lv,
231 235 260 271 5,
290 233 399 267 1-10
830 228 946 264 Perna.

398 424 582 466 T0XIL
594 424 665 468 US
731 423 926 465 UIRGO
986 421 1057 463 SA
1070 422 1369 464 GARISTIO.

779 559 929 600 Tooeil
943 575 965 600 u
978 573 999 600 s

144 633 307 688 Edepol
340 633 511 683 dedisti,
545 633 680 687 uirgo,
711 645 885 687 operam
919 630 1252 682 adlaudabilem‚

144 704 326 747 Probam
359 710 401 747 et
433 705 673 760 sapientem
705 709 748 746 et
779 703 980 746 sobriam.

805 805 845 849 U
852 807 867 847 z·
878 820 963 858 rqo

1067 876 1110 919 Si
1141 877 1243 930 quid
1274 877 1400 919 bonis

146 951 250 993 Boni
285 951 343 1001 fit,
375 965 470 993 esse
503 951 613 993 idem
649 956 690 992 et
721 964 852 1004 graue
885 956 927 991 et
958 954 1127 1003 gratum
1161 949 1283 990 solet.

780 1053 999 1094 Tooezsslux

146 1125 286 1167 Audin
319 1130 379 1176 tu,
411 1125 554 1176 Persa,
592 1125 662 1167 ubi
693 1129 920 1178 argentum
954 1124 1008 1166 ab
1040 1124 1121 1166 hoc
1152 1124 1387 1179 acceperis,

147 1196 371 1247 Simulato,
404 1198 528 1252 quasi
559 1211 633 1239 eas
664 1211 862 1251 prorsum
892 1198 933 1238 in
967 1210 1135 1238 nauem.

740 1299 1042 1353 Sayaristv'o

1191 1371 1256 1413 Ne
1288 1371 1408 1413 doce.

779 1458 996 1500 Toxilus

151 1529 232 1572 Per
261 1530 534 1585 angiportum
565 1545 736 1573 rursum
769 1536 812 1572 te
845 1530 899 1572 ad
932 1544 998 1572 me
1028 1531 1211 1584 recipito

151 1600 254 1643 Illac
285 1616 360 1656 per
391 1602 575 1644 hortum.

737 1688 1042 1743 Sccyaristio

638 1759 763 1811 Quod
795 1761 987 1803 futurum
1019 1766 1085 1804 est
1116 1761 1356 1816 praedicas.

781 1863 996 1905 Toxilus
1042 1876 1047 1881 ’

147 1932 203 1974 At
233 1947 285 1975 ne
317 1947 411 1975 cum
444 1939 622 1988 argento
655 1936 871 1989 protinam
903 1938 1130 1991 permittas
1161 1936 1346 1989 domum,

149 2004 316 2056 Moneo,
347 2012 401 2047 te.

738 2079 1042 2133 Sayaristz'o

432 2149 554 2201 Quod
586 2154 627 2192 te
659 2151 834 2204 dignum
865 2156 944 2204 est,
974 2165 1041 2194 me
1072 2152 1248 2206 dignum
1280 2167 1377 2196 esse
1408 2155 1504 2196 uis?

782 2254 1002 2296 Toxilus

143 2321 267 2371 Tace,
300 2337 428 2378 parce
461 2326 579 2376 uoci3
612 2324 776 2380 praeda
806 2326 1082 2380 progreditur
1112 2327 1244 2370 foras.

255 2513 322 2547 670
345 2512 563 2548 laudabilem
593 2513 621 2548 G
747 2514 865 2549 bonus
892 2513 921 2549 G
1049 2517 1115 2551 673
1140 2517 1186 2552 ab
1203 2516 1281 2553 'hoc
1307 2529 1372 2554 om.
1399 2519 1432 2552 A

1581 231 1631 267 63

1565 643 1633 676 670

1568 1542 1635 1576 675

1564 2521 1632 2556 674

143 2579 291 2613 prorsus
315 2568 352 2604 B
421 2572 488 2605 676
513 2570 582 2606 Illa
606 2570 672 2606 BC
748 2574 869 2606 ortum
894 2571 930 2606 B
1001 2583 1074 2617 quo
1100 2572 1168 2609 BC
1244 2575 1311 2609 679
1337 2587 1447 2620 parce
1473 2588 1564 2612 uoce
1587 2577 1634 2621 B,

145 2635 256 2669 pax-ue
282 2637 373 2660 uoce
401 2626 430 2661 0
