2009 3218
145 248 196 291 11,
221 251 253 292 2,
277 250 413 286 85-40
827 248 946 283 Persa.
1577 249 1630 288 23

693 373 1081 426 Sophiclidisca

143 446 205 490 Eo
236 460 314 500 ego
345 446 445 489 hinc
474 445 591 488 haud
623 445 763 500 longe.

743 539 1023 593 Paeqm'um

568 613 624 656 Et
655 611 831 667 quidem
864 625 941 665 ego
973 610 1089 653 haud
1121 611 1260 664 longe.

682 717 1084 771 Sophoclidisca

1045 788 1138 839 Quo
1170 803 1271 843 ergo
1303 793 1348 831 tu
1376 789 1430 841 is,
1462 790 1629 832 scelus?

739 886 1021 939 Paeoniam

138 959 232 1002 Nisi
264 960 400 1002 sciero
432 959 551 1014 prius
582 973 633 1001 ex
664 964 719 1011 te,
749 962 795 1000 tu
827 972 878 1001 ex
909 971 976 999 me
1007 970 1241 1010 numquam
1272 956 1373 1008 hoc,
1414 957 1526 1011 quod
1559 971 1629 999 ro-

1087 1029 1201 1083 gitas
1233 1029 1350 1071 scies.

679 1125 1081 1178 Sophoclidisca

137 1198 384 1254 Numquam
410 1203 580 1240 ecastor
603 1197 729 1240 hodie
748 1197 879 1240 scibis
896 1198 1015 1252 prius
1033 1211 1163 1252 quam
1180 1211 1232 1239 ex
1249 1201 1291 1239 te
1309 1197 1534 1240 audiuere.
1560 1209 1628 1243 220

736 1299 1019 1354 Paconium

136 1373 260 1416 Itane
291 1374 387 1416 est?

679 1459 1082 1513 Sophoclidisca

337 1532 406 1575 Ita
434 1546 501 1574 ne.

706 1619 988 1673 Paegnium

460 1691 578 1734 Mala
609 1705 665 1734 es.

675 1785 1080 1838 Sophoclidisca

621 1857 864 1902 Scelestu’s.

733 1964 1016 2018 Paeoniam

815 2037 950 2079 Decet
980 2049 1058 2078 me.

675 2138 1076 2192 Sophoclidisca

977 2210 1045 2252 Me
1077 2210 1254 2265 quidem
1283 2209 1401 2252 haud
1432 2209 1620 2252 dedecet.

732 2305 1015 2360 Paeonium

134 2376 243 2427 Quid
275 2377 366 2419 ais‘?
398 2381 616 2420 certumne
646 2381 712 2420 est
744 2377 895 2429 celare,
927 2391 1013 2432 quo
1044 2378 1127 2420 iter
1157 2377 1303 2429 facias,
1337 2377 1570 2432 pessuma?

673 2483 1078 2536 Sophoclidisca

132 2553 398 2597 Offirmastin
429 2556 658 2607 occultare,
691 2568 777 2610 quo
807 2560 850 2596 te
881 2555 1087 2607 inmittas,
1120 2569 1318 2610 pessume
1328 2557 1348 2598 ’ἓ

245 2714 312 2748 218
336 2713 409 2748 aud
432 2713 469 2748 B
585 2718 625 2748 tu
651 2714 682 2748 is
708 2724 772 2749 om.
799 2724 879 2749 cum
902 2714 1024 2758 spatio
1148 2716 1214 2750 219
1239 2714 1310 2749 sois
1426 2715 1489 2748 221
1517 2713 1621 2748 Itane

132 2769 214 2804 est?
241 2770 340 2805 itane
366 2771 451 2805 est?
603 2771 739 2805 maleas
764 2771 799 2806 B
955 2772 1132 2806 scelestus
1158 2783 1177 2806 c
1202 2771 1308 2806 decet
1331 2770 1367 2804 B
1516 2769 1621 2805 decet

132 2826 198 2860 222
222 2831 366 2861 certum
392 2831 448 2861 est
539 2826 653 2861 facies
680 2825 715 2861 Β
807 2828 872 2862 223
897 2826 1097 2864 Offirmasti
1196 2839 1365 2874 pessuma
1391 2826 1427 2863 Β
