<?xml version="1.0" encoding="UTF-8"?>
<!DOCTYPE html PUBLIC "-//W3C//DTD XHTML 1.0 Transitional//EN"
    "http://www.w3.org/TR/xhtml1/DTD/xhtml1-transitional.dtd">
<html xmlns="http://www.w3.org/1999/xhtml" xml:lang="en" lang="en">
 <head>
  <title>
</title>
<meta http-equiv="Content-Type" content="text/html;charset=utf-8" />
  <meta name='ocr-system' content='tesseract 3.04.00' />
  <meta name='ocr-capabilities' content='ocr_page ocr_carea ocr_par ocr_line ocrx_word'/>
</head>
<body>
  <div class='ocr_page' id='page_1' title='image "./comoediaerecensu05plauuoft_0233.png"; bbox 0 0 2009 3218; ppageno 0'>
   <div class='ocr_carea' id='block_1_1' title="bbox 0 1250 61 3218">
    <p class='ocr_par' dir='ltr' id='par_1_1' title="bbox 0 1250 61 3218">
     <span class='ocr_line' id='line_1_1' title="bbox 0 1250 61 3218; baseline 0 0"><span class='ocrx_word' id='word_1_1' title='bbox 0 1250 61 3218; x_wconf 95' lang='lat' dir='ltr'> </span> 
     </span>
    </p>
   </div>
   <div class='ocr_carea' id='block_1_2' title="bbox 138 218 1618 264">
    <p class='ocr_par' dir='ltr' id='par_1_2' title="bbox 138 218 1618 264">
     <span class='ocr_line' id='line_1_2' title="bbox 138 218 1618 264; baseline 0 -8"><span class='ocrx_word' id='word_1_2' title='bbox 138 220 202 262; x_wconf 86' lang='lat'>111,</span> <span class='ocrx_word' id='word_1_3' title='bbox 228 221 259 264; x_wconf 66' lang='lat'>2,</span> <span class='ocrx_word' id='word_1_4' title='bbox 283 220 438 258; x_wconf 80' lang='lat' dir='ltr'>44—1v.</span> <span class='ocrx_word' id='word_1_5' title='bbox 467 223 496 262; x_wconf 87' lang='lat'>1,</span> <span class='ocrx_word' id='word_1_6' title='bbox 525 221 564 255; x_wconf 88' lang='grc'>13</span> <span class='ocrx_word' id='word_1_7' title='bbox 805 218 964 254; x_wconf 61' lang='lat' dir='ltr'>Stichus</span> <span class='ocrx_word' id='word_1_8' title='bbox 1536 222 1618 261; x_wconf 75' lang='lat'>227</span> 
     </span>
    </p>
   </div>
   <div class='ocr_carea' id='block_1_3' title="bbox 137 344 1620 689">
    <p class='ocr_par' dir='ltr' id='par_1_3' title="bbox 138 344 1104 389">
     <span class='ocr_line' id='line_1_3' title="bbox 138 344 1104 389; baseline -0.005 0"><span class='ocrx_word' id='word_1_9' title='bbox 138 347 246 389; x_wconf 79' lang='lat' dir='ltr'>Nam</span> <span class='ocrx_word' id='word_1_10' title='bbox 278 347 547 389; x_wconf 83' lang='lat' dir='ltr'>incertiorem</span> <span class='ocrx_word' id='word_1_11' title='bbox 578 345 741 387; x_wconf 87' lang='lat' dir='ltr'>nullam</span> <span class='ocrx_word' id='word_1_12' title='bbox 772 346 874 387; x_wconf 89' lang='lat' dir='ltr'>noui</span> <span class='ocrx_word' id='word_1_13' title='bbox 907 344 1104 387; x_wconf 80' lang='lat' dir='ltr'>bestiam.</span> 
     </span>
    </p>

    <p class='ocr_par' dir='ltr' id='par_1_4' title="bbox 137 416 1205 473">
     <span class='ocr_line' id='line_1_4' title="bbox 137 416 1205 473; baseline -0.004 -12"><span class='ocrx_word' id='word_1_14' title='bbox 137 419 308 471; x_wconf 78' lang='lat' dir='ltr'>Quaene</span> <span class='ocrx_word' id='word_1_15' title='bbox 340 432 469 473; x_wconf 80' lang='lat' dir='ltr'>eapse</span> <span class='ocrx_word' id='word_1_16' title='bbox 500 417 671 460; x_wconf 88' lang='lat' dir='ltr'>deciens</span> <span class='ocrx_word' id='word_1_17' title='bbox 702 417 744 458; x_wconf 93' lang='lat' dir='ltr'>in</span> <span class='ocrx_word' id='word_1_18' title='bbox 777 416 845 458; x_wconf 88' lang='lat' dir='ltr'>die</span> <span class='ocrx_word' id='word_1_19' title='bbox 877 420 1017 458; x_wconf 83' lang='lat' dir='ltr'>mutat</span> <span class='ocrx_word' id='word_1_20' title='bbox 1048 416 1205 467; x_wconf 73' lang='lat' dir='ltr'>locum,</span> 
     </span>
    </p>

    <p class='ocr_par' dir='ltr' id='par_1_5' title="bbox 138 487 1077 544">
     <span class='ocr_line' id='line_1_5' title="bbox 138 487 1077 544; baseline -0.004 -11"><span class='ocrx_word' id='word_1_21' title='bbox 138 491 200 533; x_wconf 78' lang='lat' dir='ltr'>Ea</span> <span class='ocrx_word' id='word_1_22' title='bbox 230 503 307 544; x_wconf 84' lang='lat' dir='ltr'>ego</span> <span class='ocrx_word' id='word_1_23' title='bbox 339 490 562 544; x_wconf 80' lang='lat' dir='ltr'>auspicaui</span> <span class='ocrx_word' id='word_1_24' title='bbox 592 490 634 531; x_wconf 93' lang='lat' dir='ltr'>in</span> <span class='ocrx_word' id='word_1_25' title='bbox 666 503 711 530; x_wconf 87' lang='lat' dir='ltr'>re</span> <span class='ocrx_word' id='word_1_26' title='bbox 744 487 919 543; x_wconf 77' lang='lat' dir='ltr'>capitali</span> <span class='ocrx_word' id='word_1_27' title='bbox 952 489 1077 530; x_wconf 83' lang='lat' dir='ltr'>mea?</span> 
     </span>
    </p>

    <p class='ocr_par' dir='ltr' id='par_1_6' title="bbox 138 556 1620 689">
     <span class='ocr_line' id='line_1_6' title="bbox 138 556 1620 607; baseline -0.005 -1"><span class='ocrx_word' id='word_1_28' title='bbox 138 564 308 607; x_wconf 79' lang='lat' dir='ltr'>Certum</span> <span class='ocrx_word' id='word_1_29' title='bbox 341 568 406 605; x_wconf 89' lang='lat' dir='ltr'>est</span> <span class='ocrx_word' id='word_1_30' title='bbox 436 562 596 604; x_wconf 81' lang='lat' dir='ltr'>amicos</span> <span class='ocrx_word' id='word_1_31' title='bbox 628 575 882 607; x_wconf 77' lang='lat' dir='ltr'>conuocare.</span> <span class='ocrx_word' id='word_1_32' title='bbox 915 565 964 602; x_wconf 88' lang='lat' dir='ltr'>ut</span> <span class='ocrx_word' id='word_1_33' title='bbox 994 560 1219 602; x_wconf 83' lang='lat' dir='ltr'>consulam</span> <span class='ocrx_word' id='word_1_34' title='bbox 1373 556 1382 566; x_wconf 88' lang='grc'><em>“</em></span> <span class='ocrx_word' id='word_1_35' title='bbox 1555 573 1620 605; x_wconf 82' lang='lat'>505</span> 
     </span>
     <span class='ocr_line' id='line_1_7' title="bbox 138 633 1060 689; baseline -0.004 -12"><span class='ocrx_word' id='word_1_36' title='bbox 138 636 232 687; x_wconf 79' lang='lat' dir='ltr'>Qua</span> <span class='ocrx_word' id='word_1_37' title='bbox 261 635 354 689; x_wconf 87' lang='lat' dir='ltr'>lege</span> <span class='ocrx_word' id='word_1_38' title='bbox 385 648 497 677; x_wconf 87' lang='lat' dir='ltr'>nunc</span> <span class='ocrx_word' id='word_1_39' title='bbox 528 649 594 677; x_wconf 92' lang='lat' dir='ltr'>me</span> <span class='ocrx_word' id='word_1_40' title='bbox 626 633 812 676; x_wconf 82' lang='lat' dir='ltr'>essurire</span> <span class='ocrx_word' id='word_1_41' title='bbox 845 637 1060 687; x_wconf 83' lang='lat' dir='ltr'>oporteat.</span> 
     </span>
    </p>
   </div>
   <div class='ocr_carea' id='block_1_4' title="bbox 299 871 1456 917">
    <p class='ocr_par' dir='ltr' id='par_1_7' title="bbox 299 871 1456 917">
     <span class='ocr_line' id='line_1_8' title="bbox 299 871 1456 917; baseline -0.003 -1"><span class='ocrx_word' id='word_1_42' title='bbox 299 874 559 917; x_wconf 88' lang='lat' dir='ltr'>ANTIPHO.</span> <span class='ocrx_word' id='word_1_43' title='bbox 622 873 1050 916; x_wconf 85' lang='lat' dir='ltr'><strong>PAMPHILIPPUS.</strong></span> <span class='ocrx_word' id='word_1_44' title='bbox 1113 871 1456 915; x_wconf 84' lang='lat' dir='ltr'><strong>EPIGNOMUS.</strong></span> 
     </span>
    </p>
   </div>
   <div class='ocr_carea' id='block_1_5' title="bbox 129 988 1628 2359">
    <p class='ocr_par' dir='ltr' id='par_1_8' title="bbox 139 988 1496 1115">
     <span class='ocr_line' id='line_1_9' title="bbox 764 988 991 1039; baseline -0.009 -9"><span class='ocrx_word' id='word_1_45' title='bbox 764 988 991 1039; x_wconf 72' lang='lat' dir='ltr'>Antipho</span> 
     </span>
     <span class='ocr_line' id='line_1_10' title="bbox 139 1059 1496 1115; baseline -0.001 -11"><span class='ocrx_word' id='word_1_46' title='bbox 139 1062 204 1104; x_wconf 86' lang='lat' dir='ltr'>Ita</span> <span class='ocrx_word' id='word_1_47' title='bbox 236 1076 300 1103; x_wconf 88' lang='lat' dir='ltr'>me</span> <span class='ocrx_word' id='word_1_48' title='bbox 333 1061 373 1103; x_wconf 88' lang='lat' dir='ltr'>di</span> <span class='ocrx_word' id='word_1_49' title='bbox 407 1061 516 1103; x_wconf 87' lang='lat' dir='ltr'>bene</span> <span class='ocrx_word' id='word_1_50' title='bbox 547 1066 693 1103; x_wconf 76' lang='lat' dir='ltr'>ament</span> <span class='ocrx_word' id='word_1_51' title='bbox 724 1075 929 1115; x_wconf 85' lang='lat' dir='ltr'>measque</span> <span class='ocrx_word' id='word_1_52' title='bbox 962 1059 1065 1101; x_wconf 85' lang='lat' dir='ltr'>mihi</span> <span class='ocrx_word' id='word_1_53' title='bbox 1100 1060 1341 1101; x_wconf 85' lang='lat' dir='ltr'>seruassint</span> <span class='ocrx_word' id='word_1_54' title='bbox 1371 1059 1496 1110; x_wconf 82' lang='lat' dir='ltr'>filias,</span> 
     </span>
    </p>

    <p class='ocr_par' dir='ltr' id='par_1_9' title="bbox 140 1131 1623 1411">
     <span class='ocr_line' id='line_1_11' title="bbox 140 1131 1622 1188; baseline -0.003 -11"><span class='ocrx_word' id='word_1_55' title='bbox 140 1133 196 1177; x_wconf 89' lang='lat' dir='ltr'>Ut</span> <span class='ocrx_word' id='word_1_56' title='bbox 220 1133 318 1176; x_wconf 89' lang='lat' dir='ltr'>mihi</span> <span class='ocrx_word' id='word_1_57' title='bbox 347 1133 477 1188; x_wconf 86' lang='lat' dir='ltr'>uolup</span> <span class='ocrx_word' id='word_1_58' title='bbox 505 1138 584 1183; x_wconf 85' lang='lat' dir='ltr'>est,</span> <span class='ocrx_word' id='word_1_59' title='bbox 616 1132 930 1187; x_wconf 83' lang='lat' dir='ltr'>Pamphilippe,</span> <span class='ocrx_word' id='word_1_60' title='bbox 963 1132 1065 1186; x_wconf 85' lang='lat' dir='ltr'>quia</span> <span class='ocrx_word' id='word_1_61' title='bbox 1089 1146 1167 1174; x_wconf 85' lang='lat' dir='ltr'>uos</span> <span class='ocrx_word' id='word_1_62' title='bbox 1183 1132 1226 1173; x_wconf 90' lang='lat' dir='ltr'>in</span> <span class='ocrx_word' id='word_1_63' title='bbox 1244 1132 1430 1186; x_wconf 84' lang='lat' dir='ltr'>patriam</span> <span class='ocrx_word' id='word_1_64' title='bbox 1451 1131 1622 1173; x_wconf 87' lang='lat' dir='ltr'>domum</span> 
     </span>
     <span class='ocr_line' id='line_1_12' title="bbox 143 1203 1583 1260; baseline -0.002 -12"><span class='ocrx_word' id='word_1_65' title='bbox 143 1206 333 1249; x_wconf 86' lang='lat' dir='ltr'>Rediisse</span> <span class='ocrx_word' id='word_1_66' title='bbox 365 1206 490 1248; x_wconf 81' lang='lat' dir='ltr'>uideo</span> <span class='ocrx_word' id='word_1_67' title='bbox 523 1205 630 1247; x_wconf 87' lang='lat' dir='ltr'>bene</span> <span class='ocrx_word' id='word_1_68' title='bbox 662 1211 783 1260; x_wconf 85' lang='lat' dir='ltr'>gesta</span> <span class='ocrx_word' id='word_1_69' title='bbox 815 1219 861 1247; x_wconf 86' lang='lat' dir='ltr'>re</span> <span class='ocrx_word' id='word_1_70' title='bbox 893 1205 1058 1255; x_wconf 85' lang='lat' dir='ltr'>ambos,</span> <span class='ocrx_word' id='word_1_71' title='bbox 1091 1210 1132 1246; x_wconf 90' lang='lat' dir='ltr'>te</span> <span class='ocrx_word' id='word_1_72' title='bbox 1164 1209 1208 1246; x_wconf 88' lang='lat' dir='ltr'>et</span> <span class='ocrx_word' id='word_1_73' title='bbox 1238 1203 1417 1246; x_wconf 79' lang='lat' dir='ltr'>fratrem</span> <span class='ocrx_word' id='word_1_74' title='bbox 1448 1208 1583 1245; x_wconf 86' lang='lat' dir='ltr'>tuum.</span> 
     </span>
     <span class='ocr_line' id='line_1_13' title="bbox 680 1284 1084 1337; baseline -0.002 -10"><span class='ocrx_word' id='word_1_75' title='bbox 680 1284 1084 1337; x_wconf 72' lang='lat' dir='ltr'>Pamplez&#39;lippus</span> 
     </span>
     <span class='ocr_line' id='line_1_14' title="bbox 141 1356 1623 1411; baseline -0.002 -11"><span class='ocrx_word' id='word_1_76' title='bbox 141 1358 255 1400; x_wconf 83' lang='lat' dir='ltr'>Satis</span> <span class='ocrx_word' id='word_1_77' title='bbox 286 1357 364 1400; x_wconf 84' lang='lat' dir='ltr'>abs</span> <span class='ocrx_word' id='word_1_78' title='bbox 396 1363 438 1399; x_wconf 87' lang='lat' dir='ltr'>te</span> <span class='ocrx_word' id='word_1_79' title='bbox 469 1359 698 1411; x_wconf 81' lang='lat' dir='ltr'>accipiam,</span> <span class='ocrx_word' id='word_1_80' title='bbox 745 1358 827 1399; x_wconf 85' lang='lat' dir='ltr'>nisi</span> <span class='ocrx_word' id='word_1_81' title='bbox 868 1358 1038 1399; x_wconf 82' lang='lat' dir='ltr'>uideam</span> <span class='ocrx_word' id='word_1_82' title='bbox 1078 1356 1179 1398; x_wconf 91' lang='lat' dir='ltr'>mihi</span> <span class='ocrx_word' id='word_1_83' title='bbox 1218 1362 1260 1398; x_wconf 89' lang='lat' dir='ltr'>te</span> <span class='ocrx_word' id='word_1_84' title='bbox 1299 1357 1484 1398; x_wconf 89' lang='lat' dir='ltr'>amicum</span> <span class='ocrx_word' id='word_1_85' title='bbox 1516 1370 1623 1406; x_wconf 83' lang='lat' dir='ltr'>esse,</span> 
     </span>
    </p>

    <p class='ocr_par' dir='ltr' id='par_1_10' title="bbox 129 1428 1628 2359">
     <span class='ocr_line' id='line_1_15' title="bbox 1086 1428 1626 1482; baseline 0.004 -12"><span class='ocrx_word' id='word_1_86' title='bbox 1086 1428 1295 1482; x_wconf 79' lang='lat' dir='ltr'>Antiph03</span> <span class='ocrx_word' id='word_1_87' title='bbox 1559 1440 1626 1472; x_wconf 84' lang='lat'>510</span> 
     </span>
     <span class='ocr_line' id='line_1_16' title="bbox 141 1501 1572 1558; baseline -0.003 -12"><span class='ocrx_word' id='word_1_88' title='bbox 141 1502 261 1546; x_wconf 90' lang='lat' dir='ltr'>Nunc</span> <span class='ocrx_word' id='word_1_89' title='bbox 291 1504 494 1558; x_wconf 85' lang='lat' dir='ltr'>quoniam</span> <span class='ocrx_word' id='word_1_90' title='bbox 525 1503 628 1544; x_wconf 86' lang='lat' dir='ltr'>mihi</span> <span class='ocrx_word' id='word_1_91' title='bbox 661 1503 848 1545; x_wconf 83' lang='lat' dir='ltr'>amicum</span> <span class='ocrx_word' id='word_1_92' title='bbox 881 1502 1080 1556; x_wconf 86' lang='lat' dir='ltr'>experior</span> <span class='ocrx_word' id='word_1_93' title='bbox 1110 1515 1216 1552; x_wconf 87' lang='lat' dir='ltr'>esse,</span> <span class='ocrx_word' id='word_1_94' title='bbox 1246 1501 1449 1543; x_wconf 88' lang='lat' dir='ltr'>credetur</span> <span class='ocrx_word' id='word_1_95' title='bbox 1479 1501 1572 1542; x_wconf 89' lang='lat' dir='ltr'>tibi.</span> 
     </span>
     <span class='ocr_line' id='line_1_17' title="bbox 766 1573 1000 1622; baseline -0.004 -7"><span class='ocrx_word' id='word_1_96' title='bbox 766 1573 1000 1622; x_wconf 63' lang='lat' dir='ltr'>Antipho</span> 
     </span>
     <span class='ocr_line' id='line_1_18' title="bbox 144 1645 1626 1699; baseline -0.003 -9"><span class='ocrx_word' id='word_1_97' title='bbox 144 1647 301 1690; x_wconf 89' lang='lat' dir='ltr'>Uocem</span> <span class='ocrx_word' id='word_1_98' title='bbox 333 1661 411 1699; x_wconf 89' lang='lat' dir='ltr'>ego</span> <span class='ocrx_word' id='word_1_99' title='bbox 443 1651 486 1688; x_wconf 90' lang='lat' dir='ltr'>te</span> <span class='ocrx_word' id='word_1_100' title='bbox 517 1647 572 1688; x_wconf 86' lang='lat' dir='ltr'>ad</span> <span class='ocrx_word' id='word_1_101' title='bbox 604 1661 669 1688; x_wconf 91' lang='lat' dir='ltr'>me</span> <span class='ocrx_word' id='word_1_102' title='bbox 695 1647 748 1688; x_wconf 82' lang='lat' dir='ltr'>ad</span> <span class='ocrx_word' id='word_1_103' title='bbox 775 1660 937 1697; x_wconf 84' lang='lat' dir='ltr'>cenam,</span> <span class='ocrx_word' id='word_1_104' title='bbox 969 1647 1105 1688; x_wconf 86' lang='lat' dir='ltr'>frater</span> <span class='ocrx_word' id='word_1_105' title='bbox 1129 1649 1228 1688; x_wconf 88' lang='lat' dir='ltr'>tuus</span> <span class='ocrx_word' id='word_1_106' title='bbox 1253 1647 1295 1687; x_wconf 91' lang='lat' dir='ltr'>ni</span> <span class='ocrx_word' id='word_1_107' title='bbox 1319 1646 1499 1688; x_wconf 84' lang='lat' dir='ltr'>dixisset</span> <span class='ocrx_word' id='word_1_108' title='bbox 1524 1645 1626 1686; x_wconf 92' lang='lat' dir='ltr'>mihi</span> 
     </span>
     <span class='ocr_line' id='line_1_19' title="bbox 143 1717 1627 1774; baseline -0.001 -13"><span class='ocrx_word' id='word_1_109' title='bbox 143 1719 201 1761; x_wconf 90' lang='lat' dir='ltr'>Te</span> <span class='ocrx_word' id='word_1_110' title='bbox 223 1719 338 1774; x_wconf 84' lang='lat' dir='ltr'>apud</span> <span class='ocrx_word' id='word_1_111' title='bbox 364 1734 409 1761; x_wconf 90' lang='lat' dir='ltr'>se</span> <span class='ocrx_word' id='word_1_112' title='bbox 433 1724 685 1761; x_wconf 84' lang='lat' dir='ltr'>cenaturum</span> <span class='ocrx_word' id='word_1_113' title='bbox 711 1733 804 1762; x_wconf 86' lang='lat' dir='ltr'>esse</span> <span class='ocrx_word' id='word_1_114' title='bbox 828 1718 968 1765; x_wconf 84' lang='lat' dir='ltr'>hodie,</span> <span class='ocrx_word' id='word_1_115' title='bbox 1002 1732 1131 1773; x_wconf 89' lang='lat' dir='ltr'>quom</span> <span class='ocrx_word' id='word_1_116' title='bbox 1156 1733 1223 1760; x_wconf 91' lang='lat' dir='ltr'>me</span> <span class='ocrx_word' id='word_1_117' title='bbox 1247 1717 1303 1760; x_wconf 83' lang='lat' dir='ltr'>ad</span> <span class='ocrx_word' id='word_1_118' title='bbox 1327 1732 1371 1760; x_wconf 86' lang='lat' dir='ltr'>se</span> <span class='ocrx_word' id='word_1_119' title='bbox 1396 1718 1452 1760; x_wconf 85' lang='lat' dir='ltr'>ad</span> <span class='ocrx_word' id='word_1_120' title='bbox 1477 1731 1627 1760; x_wconf 84' lang='lat' dir='ltr'>cenam</span> 
     </span>
     <span class='ocr_line' id='line_1_20' title="bbox 1088 1795 1227 1833; baseline 0.007 -1"><span class='ocrx_word' id='word_1_121' title='bbox 1088 1795 1227 1833; x_wconf 86' lang='lat' dir='ltr'>uocat.</span> 
     </span>
     <span class='ocr_line' id='line_1_21' title="bbox 146 1862 1598 1918; baseline -0.002 -12"><span class='ocrx_word' id='word_1_122' title='bbox 146 1864 200 1906; x_wconf 90' lang='lat' dir='ltr'>Et</span> <span class='ocrx_word' id='word_1_123' title='bbox 230 1865 366 1918; x_wconf 84' lang='lat' dir='ltr'>magis</span> <span class='ocrx_word' id='word_1_124' title='bbox 398 1877 477 1918; x_wconf 83' lang='lat' dir='ltr'>par</span> <span class='ocrx_word' id='word_1_125' title='bbox 508 1864 651 1907; x_wconf 84' lang='lat' dir='ltr'>fuerat</span> <span class='ocrx_word' id='word_1_126' title='bbox 681 1878 746 1906; x_wconf 90' lang='lat' dir='ltr'>me</span> <span class='ocrx_word' id='word_1_127' title='bbox 779 1863 903 1906; x_wconf 85' lang='lat' dir='ltr'>uobis</span> <span class='ocrx_word' id='word_1_128' title='bbox 936 1864 1039 1906; x_wconf 85' lang='lat' dir='ltr'>dare</span> <span class='ocrx_word' id='word_1_129' title='bbox 1071 1877 1219 1906; x_wconf 86' lang='lat' dir='ltr'>cenam</span> <span class='ocrx_word' id='word_1_130' title='bbox 1252 1862 1598 1913; x_wconf 83' lang='lat' dir='ltr'>aduenientibus,</span> 
     </span>
     <span class='ocr_line' id='line_1_22' title="bbox 146 1935 1628 1991; baseline 0.001 -14"><span class='ocrx_word' id='word_1_131' title='bbox 146 1935 280 1986; x_wconf 84' lang='lat' dir='ltr'>Quam</span> <span class='ocrx_word' id='word_1_132' title='bbox 299 1951 364 1978; x_wconf 90' lang='lat' dir='ltr'>me</span> <span class='ocrx_word' id='word_1_133' title='bbox 381 1936 436 1978; x_wconf 84' lang='lat' dir='ltr'>ad</span> <span class='ocrx_word' id='word_1_134' title='bbox 453 1936 573 1977; x_wconf 82' lang='lat' dir='ltr'>illum</span> <span class='ocrx_word' id='word_1_135' title='bbox 600 1938 866 1991; x_wconf 86' lang='lat' dir='ltr'>promittere,</span> <span class='ocrx_word' id='word_1_136' title='bbox 890 1937 975 1978; x_wconf 86' lang='lat' dir='ltr'>nisi</span> <span class='ocrx_word' id='word_1_137' title='bbox 1000 1936 1158 1978; x_wconf 88' lang='lat' dir='ltr'>nollem</span> <span class='ocrx_word' id='word_1_138' title='bbox 1183 1937 1221 1977; x_wconf 90' lang='lat' dir='ltr'>ei</span> <span class='ocrx_word' id='word_1_139' title='bbox 1248 1935 1535 1978; x_wconf 80' lang='lat' dir='ltr'>aduorsarier.</span> <span class='ocrx_word' id='word_1_140' title='bbox 1563 1946 1628 1979; x_wconf 83' lang='lat'>515</span> 
     </span>
     <span class='ocr_line' id='line_1_23' title="bbox 129 2007 1476 2062; baseline -0.001 -12"><span class='ocrx_word' id='word_1_141' title='bbox 129 2007 267 2051; x_wconf 78' lang='lat' dir='ltr'>Nunc</span> <span class='ocrx_word' id='word_1_142' title='bbox 298 2023 362 2050; x_wconf 94' lang='lat' dir='ltr'>me</span> <span class='ocrx_word' id='word_1_143' title='bbox 394 2010 578 2062; x_wconf 81' lang='lat' dir='ltr'>gratiani</span> <span class='ocrx_word' id='word_1_144' title='bbox 612 2009 690 2051; x_wconf 87' lang='lat' dir='ltr'>abs</span> <span class='ocrx_word' id='word_1_145' title='bbox 722 2014 764 2050; x_wconf 87' lang='lat' dir='ltr'>te</span> <span class='ocrx_word' id='word_1_146' title='bbox 797 2009 904 2051; x_wconf 89' lang='lat' dir='ltr'>inire</span> <span class='ocrx_word' id='word_1_147' title='bbox 937 2009 1085 2051; x_wconf 91' lang='lat' dir='ltr'>uerbis</span> <span class='ocrx_word' id='word_1_148' title='bbox 1117 2008 1223 2050; x_wconf 87' lang='lat' dir='ltr'>nihil</span> <span class='ocrx_word' id='word_1_149' title='bbox 1257 2008 1476 2059; x_wconf 80' lang='lat' dir='ltr'>desidero3</span> 
     </span>
     <span class='ocr_line' id='line_1_24' title="bbox 147 2076 1547 2136; baseline -0.001 -14"><span class='ocrx_word' id='word_1_150' title='bbox 147 2079 249 2123; x_wconf 84' lang='lat' dir='ltr'>Cras</span> <span class='ocrx_word' id='word_1_151' title='bbox 280 2081 394 2136; x_wconf 86' lang='lat' dir='ltr'>apud</span> <span class='ocrx_word' id='word_1_152' title='bbox 428 2096 492 2123; x_wconf 90' lang='lat' dir='ltr'>me</span> <span class='ocrx_word' id='word_1_153' title='bbox 526 2082 645 2123; x_wconf 89' lang='lat' dir='ltr'>eritis</span> <span class='ocrx_word' id='word_1_154' title='bbox 677 2087 720 2123; x_wconf 89' lang='lat' dir='ltr'>et</span> <span class='ocrx_word' id='word_1_155' title='bbox 751 2086 796 2123; x_wconf 91' lang='lat' dir='ltr'>tu</span> <span class='ocrx_word' id='word_1_156' title='bbox 829 2086 873 2123; x_wconf 90' lang='lat' dir='ltr'>et</span> <span class='ocrx_word' id='word_1_157' title='bbox 902 2081 975 2123; x_wconf 88' lang='lat' dir='ltr'>ille</span> <span class='ocrx_word' id='word_1_158' title='bbox 1007 2092 1103 2123; x_wconf 87' lang='lat' dir='ltr'>cum</span> <span class='ocrx_word' id='word_1_159' title='bbox 1134 2082 1296 2123; x_wconf 84' lang='lat' dir='ltr'>uostris</span> <span class='ocrx_word' id='word_1_160' title='bbox 1329 2076 1547 2123; x_wconf 71' lang='lat' dir='ltr'>uxoribus.</span> 
     </span>
     <span class='ocr_line' id='line_1_25' title="bbox 687 2161 1091 2214; baseline -0.002 -11"><span class='ocrx_word' id='word_1_161' title='bbox 687 2161 1091 2214; x_wconf 74' lang='lat' dir='ltr'>Pamphilippns</span> 
     </span>
     <span class='ocr_line' id='line_1_26' title="bbox 148 2232 1539 2288; baseline -0.001 -13"><span class='ocrx_word' id='word_1_162' title='bbox 148 2232 202 2274; x_wconf 78' lang='lat' dir='ltr'>At</span> <span class='ocrx_word' id='word_1_163' title='bbox 231 2233 344 2287; x_wconf 86' lang='lat' dir='ltr'>apud</span> <span class='ocrx_word' id='word_1_164' title='bbox 375 2247 440 2275; x_wconf 89' lang='lat' dir='ltr'>me</span> <span class='ocrx_word' id='word_1_165' title='bbox 473 2233 698 2288; x_wconf 82' lang='lat' dir='ltr'>perendie3</span> <span class='ocrx_word' id='word_1_166' title='bbox 729 2247 827 2275; x_wconf 84' lang='lat' dir='ltr'>nam</span> <span class='ocrx_word' id='word_1_167' title='bbox 859 2233 930 2275; x_wconf 83' lang='lat' dir='ltr'>ille</span> <span class='ocrx_word' id='word_1_168' title='bbox 963 2233 1056 2274; x_wconf 88' lang='lat' dir='ltr'>heri</span> <span class='ocrx_word' id='word_1_169' title='bbox 1088 2247 1154 2275; x_wconf 89' lang='lat' dir='ltr'>me</span> <span class='ocrx_word' id='word_1_170' title='bbox 1186 2234 1270 2275; x_wconf 87' lang='lat' dir='ltr'>iam</span> <span class='ocrx_word' id='word_1_171' title='bbox 1302 2236 1539 2274; x_wconf 83' lang='lat' dir='ltr'>uocauerat</span> 
     </span>
     <span class='ocr_line' id='line_1_27' title="bbox 148 2303 1628 2359; baseline -0.001 -13"><span class='ocrx_word' id='word_1_172' title='bbox 148 2304 194 2346; x_wconf 92' lang='lat' dir='ltr'>In</span> <span class='ocrx_word' id='word_1_173' title='bbox 213 2303 324 2347; x_wconf 89' lang='lat' dir='ltr'>hunc</span> <span class='ocrx_word' id='word_1_174' title='bbox 341 2305 463 2347; x_wconf 87' lang='lat' dir='ltr'>diem.</span> <span class='ocrx_word' id='word_1_175' title='bbox 513 2305 596 2348; x_wconf 85' lang='lat' dir='ltr'>Sed</span> <span class='ocrx_word' id='word_1_176' title='bbox 615 2310 738 2348; x_wconf 83' lang='lat' dir='ltr'>satne</span> <span class='ocrx_word' id='word_1_177' title='bbox 759 2319 836 2358; x_wconf 89' lang='lat' dir='ltr'>ego</span> <span class='ocrx_word' id='word_1_178' title='bbox 855 2309 996 2347; x_wconf 86' lang='lat' dir='ltr'>tecum</span> <span class='ocrx_word' id='word_1_179' title='bbox 1014 2305 1267 2359; x_wconf 85' lang='lat' dir='ltr'>pacificatus</span> <span class='ocrx_word' id='word_1_180' title='bbox 1286 2319 1392 2356; x_wconf 85' lang='lat' dir='ltr'>sum,</span> <span class='ocrx_word' id='word_1_181' title='bbox 1409 2303 1628 2358; x_wconf 81' lang='lat' dir='ltr'>Antipho?</span> 
     </span>
    </p>
   </div>
   <div class='ocr_carea' id='block_1_6' title="bbox 151 2407 412 2414">
    <p class='ocr_par' dir='ltr' id='par_1_11' title="bbox 151 2407 412 2414">
     <span class='ocr_line' id='line_1_28' title="bbox 151 2407 412 2414; baseline 0 804"><span class='ocrx_word' id='word_1_182' title='bbox 151 2407 412 2414; x_wconf 95' lang='lat' dir='ltr'> </span> 
     </span>
    </p>
   </div>
   <div class='ocr_carea' id='block_1_7' title="bbox 150 2463 1639 2839">
    <p class='ocr_par' dir='ltr' id='par_1_12' title="bbox 150 2463 1639 2839">
     <span class='ocr_line' id='line_1_29' title="bbox 260 2463 1633 2508; baseline 0.002 -9"><span class='ocrx_word' id='word_1_183' title='bbox 260 2464 325 2499; x_wconf 79' lang='lat'>502</span> <span class='ocrx_word' id='word_1_184' title='bbox 349 2464 497 2499; x_wconf 79' lang='lat' dir='ltr'>nullaB</span> <span class='ocrx_word' id='word_1_185' title='bbox 565 2465 631 2499; x_wconf 79' lang='lat'>503</span> <span class='ocrx_word' id='word_1_186' title='bbox 656 2464 903 2507; x_wconf 79' lang='lat' dir='ltr'>Quaeneatest</span> <span class='ocrx_word' id='word_1_187' title='bbox 917 2464 961 2506; x_wconf 82' lang='lat' dir='ltr'>A,</span> <span class='ocrx_word' id='word_1_188' title='bbox 987 2463 1153 2507; x_wconf 83' lang='lat' dir='ltr'>Quaenet</span> <span class='ocrx_word' id='word_1_189' title='bbox 1170 2464 1252 2508; x_wconf 80' lang='lat' dir='ltr'>ipsa</span> <span class='ocrx_word' id='word_1_190' title='bbox 1265 2463 1336 2500; x_wconf 81' lang='lat' dir='ltr'>Bc</span> <span class='ocrx_word' id='word_1_191' title='bbox 1400 2466 1466 2499; x_wconf 88' lang='lat'>504</span> <span class='ocrx_word' id='word_1_192' title='bbox 1490 2465 1580 2499; x_wconf 84' lang='lat' dir='ltr'>Eam</span> <span class='ocrx_word' id='word_1_193' title='bbox 1596 2464 1633 2502; x_wconf 83' lang='lat' dir='ltr'>G,</span> 
     </span>
     <span class='ocr_line' id='line_1_30' title="bbox 150 2520 1634 2566; baseline 0 -11"><span class='ocrx_word' id='word_1_194' title='bbox 150 2529 212 2556; x_wconf 72' lang='lat' dir='ltr'>on-</span> <span class='ocrx_word' id='word_1_195' title='bbox 237 2520 270 2555; x_wconf 78' lang='lat' dir='ltr'><strong><em>A</em></strong></span> <span class='ocrx_word' id='word_1_196' title='bbox 363 2532 431 2566; x_wconf 81' lang='lat' dir='ltr'>ego</span> <span class='ocrx_word' id='word_1_197' title='bbox 457 2523 648 2566; x_wconf 71' lang='lat' dir='ltr'>auspicabi</span> <span class='ocrx_word' id='word_1_198' title='bbox 674 2523 705 2555; x_wconf 86' lang='lat' dir='ltr'><strong><em>A</em></strong></span> <span class='ocrx_word' id='word_1_199' title='bbox 794 2521 944 2565; x_wconf 82' lang='lat' dir='ltr'>capitati</span> <span class='ocrx_word' id='word_1_200' title='bbox 971 2521 1003 2555; x_wconf 81' lang='lat' dir='ltr'><strong><em>A</em></strong></span> <span class='ocrx_word' id='word_1_201' title='bbox 1092 2522 1157 2556; x_wconf 85' lang='lat'>506</span> <span class='ocrx_word' id='word_1_202' title='bbox 1182 2521 1323 2557; x_wconf 82' lang='lat' dir='ltr'>esurire</span> <span class='ocrx_word' id='word_1_203' title='bbox 1347 2521 1417 2558; x_wconf 82' lang='grc' dir='ltr'>ΒΟ</span> <span class='ocrx_word' id='word_1_204' title='bbox 1500 2521 1634 2556; x_wconf 85' lang='lat' dir='ltr'>ANTI-</span> 
     </span>
     <span class='ocr_line' id='line_1_31' title="bbox 151 2574 1633 2622; baseline 0.001 -11"><span class='ocrx_word' id='word_1_205' title='bbox 151 2574 276 2612; x_wconf 69' lang='lat' dir='ltr'>mou</span> <span class='ocrx_word' id='word_1_206' title='bbox 300 2576 581 2614; x_wconf 82' lang='lat' dir='ltr'>EPIGNOMUS</span> <span class='ocrx_word' id='word_1_207' title='bbox 607 2578 653 2621; x_wconf 88' lang='lat' dir='ltr'>B,</span> <span class='ocrx_word' id='word_1_208' title='bbox 679 2589 744 2614; x_wconf 86' lang='lat' dir='ltr'>om.</span> <span class='ocrx_word' id='word_1_209' title='bbox 773 2578 800 2613; x_wconf 84' lang='lat' dir='ltr'><em>C</em></span> <span class='ocrx_word' id='word_1_210' title='bbox 958 2579 1024 2612; x_wconf 73' lang='lat'>507</span> <span class='ocrx_word' id='word_1_211' title='bbox 1048 2578 1138 2612; x_wconf 83' lang='lat' dir='ltr'>mihi</span> <span class='ocrx_word' id='word_1_212' title='bbox 1161 2579 1255 2613; x_wconf 86' lang='lat' dir='ltr'>bene</span> <span class='ocrx_word' id='word_1_213' title='bbox 1279 2580 1483 2614; x_wconf 79' lang='lat' dir='ltr'>seruassint</span> <span class='ocrx_word' id='word_1_214' title='bbox 1508 2578 1633 2622; x_wconf 83' lang='lat' dir='ltr'>(serua</span> 
     </span>
     <span class='ocr_line' id='line_1_32' title="bbox 153 2633 1516 2682; baseline 0.001 -14"><span class='ocrx_word' id='word_1_215' title='bbox 153 2633 226 2682; x_wconf 42' lang='grc' dir='ltr'>..ἰπὶ</span> <span class='ocrx_word' id='word_1_216' title='bbox 248 2634 297 2677; x_wconf 89' lang='grc' dir='ltr'>Β)</span> <span class='ocrx_word' id='word_1_217' title='bbox 421 2637 487 2670; x_wconf 84' lang='grc'>509</span> <span class='ocrx_word' id='word_1_218' title='bbox 512 2635 663 2669; x_wconf 82' lang='lat' dir='ltr'>Redisse</span> <span class='ocrx_word' id='word_1_219' title='bbox 689 2635 754 2670; x_wconf 86' lang='lat' dir='ltr'>BC</span> <span class='ocrx_word' id='word_1_220' title='bbox 888 2637 949 2668; x_wconf 79' lang='grc'>511</span> <span class='ocrx_word' id='word_1_221' title='bbox 979 2635 1064 2679; x_wconf 86' lang='lat' dir='ltr'>quia</span> <span class='ocrx_word' id='word_1_222' title='bbox 1089 2639 1126 2670; x_wconf 89' lang='lat' dir='ltr'>te</span> <span class='ocrx_word' id='word_1_223' title='bbox 1151 2636 1308 2671; x_wconf 79' lang='lat' dir='ltr'>amicum</span> <span class='ocrx_word' id='word_1_224' title='bbox 1332 2636 1422 2670; x_wconf 89' lang='lat' dir='ltr'>mihi</span> <span class='ocrx_word' id='word_1_225' title='bbox 1448 2635 1516 2671; x_wconf 82' lang='lat' dir='ltr'>BG</span> 
     </span>
     <span class='ocr_line' id='line_1_33' title="bbox 152 2689 1639 2735; baseline 0.002 -11"><span class='ocrx_word' id='word_1_226' title='bbox 152 2689 314 2726; x_wconf 72' lang='lat' dir='ltr'>ereditur</span> <span class='ocrx_word' id='word_1_227' title='bbox 336 2690 406 2727; x_wconf 81' lang='lat' dir='ltr'>Bc</span> <span class='ocrx_word' id='word_1_228' title='bbox 523 2694 588 2726; x_wconf 86' lang='lat'>512</span> <span class='ocrx_word' id='word_1_229' title='bbox 613 2692 683 2726; x_wconf 74' lang='lat' dir='ltr'>nisi</span> <span class='ocrx_word' id='word_1_230' title='bbox 709 2691 776 2726; x_wconf 89' lang='lat' dir='ltr'>BC</span> <span class='ocrx_word' id='word_1_231' title='bbox 899 2693 964 2725; x_wconf 86' lang='lat'>513</span> <span class='ocrx_word' id='word_1_232' title='bbox 990 2691 1036 2725; x_wconf 89' lang='lat' dir='ltr'>Se</span> <span class='ocrx_word' id='word_1_233' title='bbox 1061 2692 1096 2726; x_wconf 78' lang='lat' dir='ltr'><strong><em>A</em></strong></span> <span class='ocrx_word' id='word_1_234' title='bbox 1222 2693 1268 2727; x_wconf 78' lang='lat' dir='ltr'>ad</span> <span class='ocrx_word' id='word_1_235' title='bbox 1294 2705 1334 2727; x_wconf 87' lang='lat' dir='ltr'>ee</span> <span class='ocrx_word' id='word_1_236' title='bbox 1359 2693 1406 2735; x_wconf 89' lang='lat' dir='ltr'>B,</span> <span class='ocrx_word' id='word_1_237' title='bbox 1432 2693 1477 2727; x_wconf 83' lang='lat' dir='ltr'>ad</span> <span class='ocrx_word' id='word_1_238' title='bbox 1504 2703 1582 2727; x_wconf 81' lang='lat' dir='ltr'>esse</span> <span class='ocrx_word' id='word_1_239' title='bbox 1610 2691 1639 2727; x_wconf 90' lang='lat' dir='ltr'>C&#39;</span> 
     </span>
     <span class='ocr_line' id='line_1_34' title="bbox 151 2746 1637 2792; baseline 0.003 -12"><span class='ocrx_word' id='word_1_240' title='bbox 151 2746 219 2781; x_wconf 71' lang='lat'>514</span> <span class='ocrx_word' id='word_1_241' title='bbox 241 2747 327 2782; x_wconf 82' lang='lat' dir='ltr'>dare</span> <span class='ocrx_word' id='word_1_242' title='bbox 351 2748 456 2783; x_wconf 74' lang='lat' dir='ltr'>uobis</span> <span class='ocrx_word' id='word_1_243' title='bbox 481 2749 547 2784; x_wconf 85' lang='lat' dir='ltr'>BC</span> <span class='ocrx_word' id='word_1_244' title='bbox 619 2751 685 2783; x_wconf 79' lang='lat'>515</span> <span class='ocrx_word' id='word_1_245' title='bbox 709 2760 767 2783; x_wconf 91' lang='lat' dir='ltr'>me</span> <span class='ocrx_word' id='word_1_246' title='bbox 793 2748 838 2782; x_wconf 80' lang='lat' dir='ltr'>ad</span> <span class='ocrx_word' id='word_1_247' title='bbox 864 2748 955 2782; x_wconf 87' lang='lat' dir='ltr'>illud</span> <span class='ocrx_word' id='word_1_248' title='bbox 981 2747 1016 2792; x_wconf 82' lang='lat' dir='ltr'>G,</span> <span class='ocrx_word' id='word_1_249' title='bbox 1043 2759 1124 2784; x_wconf 77' lang='lat' dir='ltr'>mea</span> <span class='ocrx_word' id='word_1_250' title='bbox 1149 2749 1246 2784; x_wconf 86' lang='lat' dir='ltr'>diliit</span> <span class='ocrx_word' id='word_1_251' title='bbox 1268 2749 1305 2784; x_wconf 91' lang='grc' dir='ltr'><strong><em>Β</em></strong></span> <span class='ocrx_word' id='word_1_252' title='bbox 1383 2751 1449 2784; x_wconf 83' lang='grc'>518</span> <span class='ocrx_word' id='word_1_253' title='bbox 1473 2749 1543 2784; x_wconf 86' lang='lat' dir='ltr'>Eat</span> <span class='ocrx_word' id='word_1_254' title='bbox 1567 2748 1637 2784; x_wconf 83' lang='lat' dir='ltr'>BC</span> 
     </span>
     <span class='ocr_line' id='line_1_35' title="bbox 153 2801 336 2839; baseline 0.016 -3"><span class='ocrx_word' id='word_1_255' title='bbox 153 2801 218 2838; x_wconf 76' lang='lat'>519</span> <span class='ocrx_word' id='word_1_256' title='bbox 240 2804 336 2839; x_wconf 70' lang='lat' dir='ltr'>satin</span> 
     </span>
    </p>
   </div>
   <div class='ocr_carea' id='block_1_8' title="bbox 1271 2874 1364 2914">
    <p class='ocr_par' dir='ltr' id='par_1_13' title="bbox 1271 2874 1364 2914">
     <span class='ocr_line' id='line_1_36' title="bbox 1271 2874 1364 2914; baseline 0 0"><span class='ocrx_word' id='word_1_257' title='bbox 1271 2874 1274 2877; x_wconf 64' lang='grc'><strong>’</strong></span> <span class='ocrx_word' id='word_1_258' title='bbox 1303 2879 1364 2914; x_wconf 87' lang='grc'>15*</span> 
     </span>
    </p>
   </div>
  </div>
 </body>
</html>
