2009 3218
357 201 438 239 540
1026 195 1186 230 Stichus.

357 326 566 372 exegetice.
598 328 642 361 ut
672 324 784 374 Capt.
813 323 919 361 Prol.
948 324 1014 361 26.
1046 343 1094 350 ·—
1128 324 1256 373 steya,
1289 323 1335 361 cf.
1367 323 1505 360 Bacch.
1539 323 1633 360 275.
1664 342 1720 347 —
1749 323 1843 361 416.

355 389 415 430 Et
444 388 484 429 is
515 392 563 429 A.
595 411 649 416 —
680 392 773 429 417.
805 387 920 429 Nam
952 387 1042 429 heri
1072 392 1118 428 A.
1151 411 1207 416 —
1244 391 1338 428 419.
1379 386 1532 428 abduce
1563 390 1630 437 R.‚
1670 389 1717 428 cf.
1750 391 1843 429 436.

355 456 488 506 hasce,
519 459 699 496 tibicinas
731 458 916 508 aliasque,
949 472 1044 508 quas
1077 472 1204 496 secum
1238 459 1411 504 advexit,
1442 471 1478 495 v.
1513 459 1605 495 381.

469 527 563 564 420.
595 523 634 564 si
653 557 659 563 .
681 557 688 564 .
710 556 716 563 .
736 535 820 572 seu,
854 526 901 564 cf.
933 526 982 563 ad
1009 526 1120 564 Cure.
1147 528 1184 564 4.
1218 546 1273 551 -
1303 526 1396 564 421.
1430 521 1715 572 Μαῑσαῑιενένη,
1748 525 1846 568 ἅπαξ

354 595 418 644 εῖρ.
475 608 544 632 nec
577 594 823 631 dubitatione
855 598 1097 644 exemptum,
1147 594 1328 643 quoniam
1359 593 1400 630 id
1441 593 1539 630 nihil
1571 593 1679 630 aliud
1712 596 1848 631 tuetur
1924 635 1929 638 Α
2007 604 2009 615 ⁴

356 676 472 712 quam
527 661 678 699 Placidi
723 661 851 709 glossa
895 675 933 711 p.
978 663 1028 699 66
1076 661 1260 699 Deuerl.:
1330 660 1586 707 „mulcantem
1630 674 1847 708 aerumnas,

356 732 496 768 misere
533 731 750 776 viventem3
798 741 970 766 aerumna
1013 732 1073 766 est
1111 726 1308 765 miseria“.
1382 728 1526 766 Parum
1563 728 1734 778 probant
1763 741 1847 778 quae

356 799 515 847 collegit
545 798 626 835 Leo
657 797 790 835 Herm.
822 797 974 844 XVIII,
1019 797 1114 834 567.
1175 795 1378 833 Acidalius
1409 797 1508 834 coni.
1545 793 1846 844 „anclauerim“,

357 867 402 904 cf.
424 867 517 904 273.
542 885 597 890 —
620 866 713 903 423.
747 865 844 903 Post
870 875 933 902 me
959 865 1104 902 hiatur.
1130 885 1184 890 —
1210 864 1365 901 Stichus
1397 877 1473 900 non
1499 865 1848 903 manumissionem

355 935 430 971 sibi
459 937 667 984 precatur,
699 933 769 971 sed
799 937 844 970 ut
873 935 913 970 in
942 946 1073 981 unum?
1098 932 1199 969 diem
1230 932 1415 968 libertate
1446 932 1620 978 fruatur,
1655 924 1703 972 jut
1732 932 1846 969 liberi

355 1002 525 1039 hominis
572 1002 686 1038 modo
723 1003 872 1039 versari
913 1001 1100 1050 omnique
1138 1000 1292 1038 libidini
1322 1000 1527 1049 indulgere
1556 1001 1699 1049 possit,
1746 995 1848 1038 eleu-

355 1066 528 1107 theriam
566 1067 809 1118 (ἐλευθερίαν)
858 1078 1016 1117 capere.
1093 1068 1284 1106 Similiter
1323 1080 1458 1105 servus
1496 1068 1537 1104 in
1576 1067 1684 1104 Pers.
1719 1069 1768 1105 29
1807 1080 1849 1106 se
1897 1119 1899 1122 .

357 1137 450 1180 dicit
479 1137 713 1174 Eleutheria
745 1139 914 1186 agitare,
957 1137 1062 1174 unde
1092 1136 1138 1174 R.
1171 1136 1208 1174 h.
1240 1137 1265 1174 1.
1303 1135 1556 1183 „Eleutheria
1584 1136 1661 1172 iam
1691 1131 1847 1184 agere“.

356 1224 410 1230 —
441 1205 536 1242 424.
567 1202 651 1251 ius,
683 1206 729 1242 cf.
765 1206 856 1243 725.
889 1223 943 1229 —·
974 1214 1141 1251 sumas,
1181 1217 1231 1241 sc.
1265 1203 1531 1241 eleutheriam.
1564 1223 1620 1228 ——
1657 1203 1751 1240 426.
1789 1202 1850 1240 In-

356 1286 473 1322 super
503 1273 598 1310 cado
630 1274 710 1310 vini
742 1286 828 1310 eum
861 1273 998 1319 donat3
1036 1268 1271 1320 propinare
1310 1273 1412 1309 enim
1443 1273 1484 1308 in
1514 1271 1699 1309 tradendi
1730 1271 1848 1321 signi·

354 1340 576 1378 ficationem
606 1343 760 1386 transit,
794 1341 841 1377 cf.
862 1341 950 1378 Ter.
969 1339 1068 1377 Eun.
1092 1341 1221 1377 1087:
1259 1340 1396 1386 „Hunc
1427 1338 1709 1377 comedendum
1740 1338 1850 1376 uobis

355 1410 521 1458 propino
567 1412 606 1445 et
649 1407 947 1446 deridendum“.
1026 1408 1184 1446 Ennius
1230 1408 1336 1458 apud
1379 1407 1477 1445 Non.
1518 1421 1557 1456 p.
1600 1407 1672 1444 33:
1724 1407 1849 1452 „Enni
1905 1409 1911 1415 '

355 1480 473 1527 poeta
497 1477 617 1523 salue,
646 1478 713 1526 qui
735 1476 970 1514 mortalibus
995 1489 1132 1514 uersus
1156 1477 1342 1525 propinas
1365 1474 1565 1512 flammeos
1582 1472 1848 1513 medullitus“.
1902 1464 1904 1468 ,

359 1545 474 1595 Apul.
508 1545 604 1583 Met.
636 1545 680 1591 V,
715 1545 786 1582 30:
836 1546 922 1593 „cui
959 1544 1112 1595 puellas
1149 1545 1361 1594 propinare
1402 1540 1638 1581 consuesti“.
1670 1563 1725 1568 —
1756 1543 1848 1581 427.

361 1610 458 1650 dum
496 1610 545 1651 de
584 1613 670 1660 tuo,
710 1626 760 1650 sc.
801 1616 999 1662 sumptum
1042 1625 1190 1661 eroges.
1238 1631 1291 1636 —
1337 1612 1431 1648 428.
1482 1606 1596 1659 Quid
1625 1610 1759 1649 Goetz.
1797 1629 1851 1636 —-

359 1681 530 1718 unumst
559 1681 756 1730 supplevit
787 1680 867 1717 Leo
891 1680 991 1717 Mus.
1018 1680 1140 1717 Rhen.
1166 1679 1336 1717 XXXIX
1359 1692 1396 1727 p.
1416 1680 1520 1725 4703
1551 1678 1688 1716 Goetz.
1726 1677 1850 1725 „Quid

359 1748 400 1785 id
431 1752 609 1796 autemst,
641 1749 735 1785 mihi
767 1745 948 1798 expedi“.
974 1768 1030 1772 —
1058 1749 1152 1786 429.
1185 1743 1304 1785 ibone
1328 1747 1407 1784 Leo
1433 1747 1458 1783 l.
1477 1747 1523 1793 l.;
1556 1746 1715 1784 Goetz.:
1750 1747 1850 1794 „iam

359 1814 448 1853 ibo“
479 1819 620 1854 omisso
649 1813 761 1864 „ni“;
795 1828 866 1865 ego
891 1816 1006 1853 olim:
1053 1817 1155 1862 „ibo.
1203 1815 1279 1852 ΕΡ.
1313 1815 1412 1862 Non,
1444 1815 1520 1852 nisi
1543 1811 1730 1861 uocatu’s‚
1763 1827 1849 1852 cen·

359 1881 539 1921 seo“.—
562 1884 655 1922 430.
687 1893 836 1934 ‘royare
866 1894 1007 1922 cenam
1038 1884 1246 1934 supplevi..
1293 1882 1450 1920 Goetz.:
1495 1882 1592 1929 „ST.
1625 1882 1710 1932 Ego
1742 1883 1847 1920 abeo.

358 1950 437 1989 ΕΡ.
464 1951 556 1989 Abi:
583 1956 622 1989 te
639 1952 694 1988 nil
712 1949 880 1990 moror“.
927 1952 1028 1990 Leo:
1066 1956 1228 2001 „rogato
1255 1964 1332 2000 quo
1358 1964 1452 1988 eam.
1492 1949 1570 1987 ΕΡ.
1599 1950 1664 1987 Nil
1681 1945 1848 1987 moror“.

359 2040 415 2044 -—
459 2021 552 2058 431.
601 2016 673 2058 Sic
703 2020 748 2057 A.
811 2015 946 2057 institi
975 2021 1020 2058 R.
1060 2041 1117 2045 -
1162 2020 1256 2057 433.
1306 2018 1489 2067 „condixi
1529 2019 1567 2055 in
1608 2013 1846 2066 symbolam“
1910 2047 1917 2052 .

359 2087 510 2126 Camer.
543 2088 624 2135 ed.‚
673 2089 784 2137 quasi
822 2092 866 2125 ut
906 2087 1102 2137 symbolas
1143 2088 1204 2124 vel
1237 2090 1462 2135 argentum,
1509 2086 1613 2124 unde
1645 2089 1851 2136 pararetur

360 2169 465 2202 cena,
499 2158 671 2193 convivae
703 2155 890 2193 afferrent
921 2151 986 2203 (cf.
1019 2155 1067 2192 ad
1099 2155 1211 2193 Cure.
1245 2154 1364 2202 473);
1406 2155 1513 2204 quod
1542 2155 1598 2192 sic
1628 2154 1707 2191 dici
1736 2165 1851 2203 posse

359 2237 437 2261 non
468 2227 583 2272 puto3
615 2237 686 2261 nec
716 2225 932 2274 perfectum
962 2223 1060 2261 ferri
1089 2228 1221 2272 potest
1253 2223 1302 2260 de
1333 2236 1375 2259 re
1406 2223 1552 2267 futura,
1585 2235 1620 2258 v.
1654 2222 1733 2259 439
1765 2233 1847 2270 sqq.

358 2291 499 2340 Itaque
523 2295 625 2329 recte
649 2292 693 2329 R.
713 2305 761 2329 ex
788 2292 963 2337 „condici
989 2290 1053 2329 in“
1083 2289 1298 2330 condicam
1323 2292 1435 2338 fecit3
1466 2285 1690 2341 symbolam
1721 2292 1848 2326 autem

360 2360 407 2396 ad
439 2360 644 2408 sequentia
674 2362 819 2407 traxit,
860 2360 928 2397 ubi
962 2358 1134 2408 ‚,fernm“
1170 2373 1243 2409 pro
1279 2357 1467 2407 „Syrum“
1502 2359 1671 2406 scripsit.
1740 2354 1850 2403 Quod

360 2440 435 2464 non
468 2428 724 2464 necessarium
759 2428 943 2465 arbitror.
1004 2427 1170 2465 Plautus
1213 2427 1417 2464 condicere
1459 2425 1592 2475 aliquo
1632 2426 1681 2463 ad
1718 2435 1849 2462 cenam

360 2495 490 2533 dicere
521 2495 633 2542 solet,
664 2508 699 2533 v.
725 2495 818 2533 448.
866 2495 968 2533 Men.
992 2496 1093 2542 1263
1125 2496 1367 2545 posteriores
1399 2506 1531 2531 cenam
1563 2493 1778 2538 condicere,
1809 2505 1844 2530 v.
1909 2523 1911 2525 .

360 2563 520 2601 Sueton.
547 2562 633 2600 Tib.
660 2563 724 2599 42.
775 2562 912 2600 Claud.
940 2563 1004 2600 21.
1066 2563 1112 2601 H.
1141 2563 1166 2600 l.
1194 2563 1353 2599 Plautus
1383 2558 1593 2599 condicam
1627 2555 1849 2611 symbolam

360 2630 504 2668 dixisse
533 2630 701 2675 videtur,
735 2628 789 2668 ad
818 2640 970 2679 cenam,
1002 2632 1106 2668 unde
1137 2644 1231 2668 cena
1255 2628 1344 2676 fiat3
1378 2629 1543 2666 alterum
1572 2626 1709 2666 adest
1733 2625 1847 2678 apud.

359 2718 413 2723 —
444 2699 537 2735 436.
569 2695 700 2744 hasce,
733 2698 778 2735 cf.
813 2699 910 2736 419.
942 2717 998 2723 -
1029 2699 1122 2736 437.
1157 2694 1300 2736 Meam
1332 2692 1493 2745 culpam
1525 2693 1687 2743 habeto,
1725 2701 1848 2733 meam*

359 2766 512 2816 culpam
545 2766 686 2811 dicito,
726 2765 772 2807 R.
809 2766 894 2811 „Me
927 2767 966 2802 in
997 2764 1153 2814 culpa“.
1185 2784 1239 2790 —-—
1262 2760 1396 2812 probe
1427 2765 1471 2800 A.
1520 2763 1631 2810 Quod
1664 2763 1778 2800 herus
1807 2773 1847 2798 βο
1893 2783 1900 2786 -
