2009 3218
142 196 210 239 111,
237 197 268 238 2.
298 197 427 230 13—27
807 195 966 230 Rudens.
1553 199 1627 237 123

744 321 1025 362 Trachalio

634 392 714 434 Per
745 406 824 446 ego
858 392 965 434 haec
996 406 1135 444 genua
1167 398 1208 434 te
1241 398 1450 447 optestor,
1483 409 1627 445 senem

139 464 340 518 Quisquis
371 479 430 516 es,

737 536 1025 578 Daemones

307 608 418 660 Quin
451 614 499 651 tu
530 623 631 662 ergo
664 610 815 651 omitte
848 622 988 662 genua
1023 613 1067 650 et
1097 609 1200 663 quid
1235 610 1292 651 sit
1323 609 1428 651 mihi
1461 610 1628 663 expedi,

142 681 261 734 Quod
290 681 536 723 tumultues.

745 753 1017 794 Trachalio

591 824 738 879 Teque
770 838 846 866 oro
878 828 921 866 et
952 837 1129 879 quaes0‚
1161 825 1196 865 si
1229 838 1379 878 speras
1411 825 1490 867 tibi

137 897 227 940 Hoc
258 912 370 939 anno
406 897 586 938 multum
619 895 810 938 futurum
843 897 958 950 sirpe
991 901 1034 938 et
1066 895 1347 951 laserpicium

137 969 326 1024 Eamque
359 975 615 1011 euenturam
648 983 885 1023 exagogam
915 967 1108 1023 Capuam
1138 968 1304 1010 saluam
1330 973 1374 1011 et
1400 970 1624 1023 sospitem,

135 1043 274 1096 Atque
307 1042 361 1084 ab
392 1042 654 1096 lippitudine
686 1056 823 1096 usque
856 1042 1034 1083 siccitas
1067 1044 1115 1082 ut
1146 1041 1201 1082 sit
1233 1040 1324 1092 tibi,
1560 1054 1621 1087 621

735 1137 1023 1178 Daemones

135 1210 280 1252 Sanun
313 1210 390 1252 es?

738 1282 1014 1323 Trachalio

489 1353 571 1396 Seu
604 1353 682 1395 tibi
715 1353 897 1395 confidis
929 1353 1021 1395 fore
1053 1354 1232 1396 multam
1267 1353 1547 1408 magydarim.

134 1426 192 1469 Ut
220 1431 263 1469 te
294 1441 346 1468 ne
378 1427 526 1482 pigeat
557 1426 660 1468 dare
691 1439 868 1478 operam
902 1425 1005 1467 mihi
1039 1426 1155 1480 quod
1187 1431 1229 1468 te
1262 1425 1410 1478 orabo,
1442 1440 1584 1468 senex,

733 1520 1029 1562 Daemones·

132 1595 186 1636 At
217 1608 293 1647 ego
329 1599 369 1636 te
402 1607 478 1647 per
510 1607 638 1635 crura
669 1597 712 1635 et
742 1593 854 1634 talos
886 1598 1141 1648 tergumque
1174 1597 1371 1647 optestor
1401 1598 1536 1642 tuum,

131 1666 189 1709 Ut
218 1666 297 1708 tibi
329 1667 368 1708 si
401 1665 586 1707 ulmeam
618 1665 794 1707 uberem
827 1679 921 1707 esse
955 1679 1103 1719 speres
1135 1666 1439 1719 uirgidemiam
1558 1676 1623 1710 625

130 1738 186 1782 Et
215 1739 294 1782 tibi
326 1744 584 1780 euenturam
615 1737 695 1779 hoc
726 1751 838 1779 anno
870 1738 1047 1779 uberem
1080 1752 1260 1780 messem
1292 1738 1409 1788 mali,

134 1811 190 1854 Ut
218 1811 321 1853 mihi
353 1812 466 1852 istuc
498 1809 618 1852 dicas
649 1803 793 1863 negoti
825 1810 929 1864 quid
961 1811 1028 1861 sit,
1059 1810 1176 1863 quod
1208 1810 1459 1853 tumultues.

732 1905 1015 1947 Trachalio

128 1975 211 2027 Qui
241 1976 362 2019 lubet
394 1977 682 2020 maledicere?
714 1976 913 2030 equidem
944 1977 1026 2019 tibi
1059 1977 1173 2019 bona
1205 1978 1353 2031 optaui
1385 1977 1540 2019 omnia.

729 2071 1021 2114 Daemones

130 2143 243 2187 Bene
274 2144 472 2200 equidem
505 2143 585 2186 tibi
617 2143 725 2191 dico,
759 2144 833 2197 qui
864 2148 907 2186 te
940 2145 1072 2198 digna
1103 2148 1152 2186 ut
1183 2145 1385 2187 eueniant
1416 2157 1580 2198 precor.

731 2239 1019 2281 Trachalio

132 2309 331 2361 Obsecm,
364 2311 446 2354 hoc
467 2317 767 2364 praeuortere.

729 2405 1020 2448 Daemones

793 2477 905 2533 Ergo
938 2478 1041 2533 quid
1074 2479 1221 2532 negoti
1253 2479 1348 2521 est?

240 2613 307 2647 617
332 2613 454 2653 expeti
478 2613 513 2648 Β
592 2614 659 2647 618
679 2617 764 2656 post
787 2614 957 2648 lacunam
981 2614 1138 2648 multues
1163 2613 1208 2658 Β,
1234 2617 1317 2649 tues
1344 2613 1373 2649 C
1446 2616 1513 2650 619
1538 2619 1620 2649 ante

130 2667 200 2704 hoc
223 2669 382 2714 epatium
498 2670 750 2714 lasset-picium
778 2669 813 2703 B
926 2672 992 2704 622
1016 2672 1235 2715 magidarim
1263 2672 1306 2715 B,
1334 2672 1566 2715 magudarim
1594 2671 1622 2706 G

130 2724 198 2760 623
219 2730 310 2770 quot
333 2725 370 2761 Β
461 2727 529 2761 625
553 2727 583 2760 si
608 2736 673 2761 om.
777 2727 934 2762 uimeam
1029 2728 1091 2762 ubi
1116 2739 1194 2763 rem
1220 2727 1256 2763 B
1348 2729 1416 2763 628
1442 2729 1617 2773 exoptaui

130 2781 197 2816 680
219 2781 506 2836 hoc-reportem
531 2793 620 2827 ergo
