2009 3218
305 209 386 249 618
917 204 1174 240 Truculentus.

304 334 571 372 Monometros
610 337 648 370 et
686 333 718 370 A
757 333 959 382 discripsit
998 337 1037 371 et
1074 333 1296 371 Priscianus
1337 333 1512 382 agnoscit
1556 334 1603 370 de
1648 334 1786 371 metris

302 402 477 439 Terentii
512 402 558 438 11
591 415 628 451 p.
666 402 783 447 1323,
815 400 882 438 ubi
913 404 1018 438 recte
1048 402 1235 439 scribitur
1266 397 1361 439 odio
1393 409 1449 439 es.
1483 420 1536 426 —
1568 396 1785 447 Pessuma,

304 470 350 507 cf.
383 469 502 507 Stich.
536 470 628 507 247.
675 487 717 494 --
763 469 853 506 121.
894 464 1209 507 Diniarchusne
1239 468 1285 506 A.
1346 468 1476 505 Prima
1506 468 1622 506 huius
1653 481 1787 506 versus

302 550 393 587 pars
430 541 489 574 est
526 536 749 574 trochaicus
788 535 954 574 dimeter
992 537 1262 582 catalecticus;
1308 537 1462 585 reliqua
1491 535 1632 586 Speng.
1665 539 1787 573 tetra-

304 609 468 642 metrum
502 606 684 641 creticum
717 605 810 641 fecit
840 605 1034 641 scribens:
1073 604 1149 651 „Et
1176 608 1221 641 tu
1251 604 1380 641 saluos
1410 601 1534 649 sies“;
1566 604 1634 641 sed
1657 600 1719 641 Et
1743 603 1789 642 tu

303 686 373 723 per
411 686 451 710 se
489 672 655 722 probum
694 676 770 718 est,
817 685 851 709 v.
885 672 933 709 ad
964 672 1053 709 Aul.
1091 673 1180 709 169.
1255 668 1364 720 Adq.
1396 668 1436 708 is
1467 671 1529 708 est
1557 673 1612 718 A,
1658 673 1705 709 cf.
1738 671 1787 708 ad

304 740 422 778 Stich.
451 741 543 778 584.
591 739 829 777 Trochaicus
853 742 1101 790 septenarius
1126 738 1305 785 efficitur,
1337 740 1369 775 si
1393 738 1598 776 scribitur:
1635 738 1788 788 „Atque

303 812 363 846 est
392 806 466 854 is“,
507 821 583 857 quo
623 807 729 845 ducit
759 807 1029 845 Palatinorum
1069 807 1276 856 scriptura.
1315 826 1370 831 --
1414 808 1502 844 122.
1544 803 1626 844 Fer
1657 807 1701 844 A.
1734 826 1787 833 —

307 877 397 914 123.
433 872 531 914 Tuis
562 881 601 913 et
630 873 804 914 audvsens
833 885 926 913 sum
957 872 1143 924 imperiis
1174 876 1219 913 A.
1253 895 1306 900 —
1350 876 1440 912 124.
1476 873 1610 922 ,3tute“
1646 887 1709 913 om
1739 876 1784 913 A.

312 940 436 983 Ualeo
467 944 520 981 id.
564 963 612 969 —
658 945 747 982 125.
795 954 895 982 cena
933 941 1047 981 detur
1083 945 1126 991 A,
1174 947 1218 981 ut
1246 943 1385 980 Bacch.
1419 944 1511 981 535.
1572 942 1713 992 Speng.
1743 947 1789 980 ut

302 1012 403 1050 hunc
444 1025 596 1050 versum
636 1013 955 1050 antecedentibus
994 1012 1181 1061 aequalem
1220 1011 1386 1058 faceret,
1436 1009 1600 1058 „datur“
1644 1011 1787 1058 edidit3

304 1093 374 1130 ego
413 1081 533 1118 malui
571 1093 755 1118 numeros
795 1082 970 1117 incertos
1016 1079 1240 1129 relinquere
1278 1084 1317 1117 et
1353 1079 1416 1117 hic
1453 1084 1491 1116 et
1531 1080 1572 1117 in
1608 1080 1787 1128 proximo

303 1162 429 1195 versu,
463 1150 543 1198 qui,
575 1150 607 1186 si
633 1148 800 1185 addetur
824 1148 975 1185 iambus
998 1151 1090 1198 post
1111 1145 1292 1195 „uocas“‚
1322 1147 1512 1185 iambicus
1543 1147 1788 1198 septenarius

301 1216 381 1255 fiet.
456 1217 514 1255 De
554 1230 666 1262 cena,
714 1229 800 1266 quae
849 1229 1014 1266 peregre
1063 1215 1321 1253 redeuntibus
1366 1214 1624 1262 offerebatur,
1670 1227 1706 1252 v.
1739 1214 1789 1252 ad

303 1285 443 1323 Bacch,
484 1287 549 1323 92.
589 1305 644 1309 —
693 1286 783 1322 126.
831 1280 1023 1333 Beniyne
1054 1281 1178 1331 dicis,
1225 1280 1322 1321 bene
1350 1293 1474 1322 uocas
1505 1283 1693 1329 Schoell.,
1739 1282 1785 1320 cf.

288 1353 422 1390 Mero.
457 1354 536 1391 937
569 1366 652 1390 cum
685 1366 774 1390 ann.
816 1372 861 1377 -
892 1349 1144 1401 Astaphium
1173 1351 1219 1396 1}ss
1248 1347 1407 1390 Amabo
1438 1353 1483 1390 A.
1514 1371 1569 1376 —
1604 1352 1694 1390 127.
1726 1348 1789 1390 ire

303 1430 373 1459 era
402 1423 457 1468 A;
490 1421 577 1471 Sp.:
615 1434 705 1468 „era
736 1433 811 1470 quo
843 1422 958 1458 iussit
987 1420 1111 1459 mea“.

419 1490 509 1526 128.
543 1485 629 1527 Dic
660 1494 699 1527 et
729 1486 826 1539 quis
856 1489 919 1526 est
946 1490 992 1527 A.
1033 1509 1085 1514 —
1124 1486 1384 1528 Archilz'nem
1419 1489 1470 1526 id.
1533 1488 1681 1526 Nomen
1713 1489 1785 1526 Ar-

302 1557 414 1595 chilis
445 1562 572 1595 exstat
602 1557 704 1595 infra
734 1559 828 1595 474.
875 1557 963 1595 Ter.
995 1557 1118 1596 Andr.
1147 1559 1240 1596 228.
1260 1558 1352 1595 481.
1414 1556 1510 1594 Inde
1540 1557 1604 1594 hic
1634 1569 1787 1594 accusa-

303 1626 418 1671 tivus,
462 1631 506 1662 ut
536 1625 724 1663 Priscian.
756 1625 828 1663 VII
858 1639 897 1675 p.
931 1626 1032 1663 749:
1077 1626 1196 1673 „haec
1226 1625 1396 1673 Soteris,
1436 1625 1552 1663 huius
1583 1624 1786 1662 Soterinis.

303 1693 465 1732 Plautus
490 1695 530 1731 in
549 1694 770 1732 Vidularia:
802 1694 884 1731 illic
907 1698 1035 1731 autem
1063 1693 1253 1732 Soterinis
1278 1699 1337 1731 est
1358 1691 1520 1743 pater“;
1552 1707 1587 1731 v.
1607 1691 1785 1741 Seyffert.
1839 1684 1843 1688 ⁸

304 1762 444 1800 Philol.
477 1762 607 1800 XXIX
640 1776 677 1812 p.
711 1763 804 1800 409.
872 1762 963 1799 Iure
994 1762 1136 1812 Bergk.
1168 1762 1288 1799 Beitr.
1321 1776 1359 1812 p.
1396 1763 1471 1800 135
1505 1761 1641 1810 Syram
1681 1761 1788 1798 illam

304 1830 485 1868 ancillam
518 1843 600 1868 esse
632 1831 867 1881 suspicatur,
901 1844 986 1880 quae
1017 1835 1340 1869 commemoratur
1370 1844 1405 1868 v.
1439 1830 1532 1867 402.
1568 1830 1659 1867 762.
1693 1830 1786 1866 846.

302 1919 355 1924 -
401 1900 490 1936 129.
537 1898 617 1936 Nec
653 1898 946 1945 „meretricem“
990 1912 1058 1936 nec
1102 1896 1398 1946 „obstetricem“
1445 1897 1626 1935 Plautum
1665 1897 1787 1946 scrip-

302 1968 396 2004 sisse
426 1969 508 2004 veri
540 1968 666 2005 simile
698 1972 769 2006 est.
840 1968 951 2005 Prior
990 1981 1080 2017 pars
1113 1968 1218 2005 vocis
1248 1968 1288 2004 in
1320 1952 1532 2016 archetypo
1563 1966 1689 2003 minus
1720 1978 1788 2015 ap-

302 2036 478 2085 paruisse
502 2035 676 2082 videtur,
710 2049 923 2086 verumque
948 2035 1140 2085 Bergkius
1164 2035 1286 2073 Beitr.
1312 2048 1351 2084 p.
1381 2035 1456 2073 125
1483 2035 1677 2072 invenisse
1702 2047 1788 2071 cen·

303 2104 445 2141 sendus
470 2109 539 2149 est,
573 2101 824 2142 tonstricem.
853 2124 905 2129 -
938 2100 1057 2142 Mala
1081 2103 1123 2141 tu
1150 2098 1309 2149 femina
1333 2113 1373 2141 es
1394 2133 1401 2140 .
1421 2099 1505 2141 oles
1530 2103 1576 2140 A.
1608 2120 1662 2126 —-
1696 2101 1786 2139 130.

304 2165 550 2218 Manifesta
584 2173 629 2210 cf.
648 2172 788 2210 Bacch.
808 2173 908 2219 6933
940 2174 979 2209 in
1007 2186 1095 2210 ann.
1126 2173 1264 2222 Amph.
1295 2173 1398 2210 1045
1424 2175 1632 2220 utrumque
1663 2170 1788 2208 locum

302 2252 441 2288 parum
473 2241 714 2278 considerate
746 2242 909 2278 correxi.
946 2261 991 2265 —
1032 2242 1121 2278 131.
1158 2236 1266 2289 Quia
1297 2240 1332 2277 te
1363 2237 1634 2278 adducturam
1665 2239 1710 2276 A.
1741 2257 1785 2263 -

305 2302 484 2355 dixeras,
514 2310 603 2352 115,
632 2309 677 2346 cf.
698 2309 746 2346 ad
765 2309 870 2346 Pers.
891 2310 983 2347 273.
1045 2319 1212 2357 eumpse
1228 2308 1341 2346 Both.
1402 2318 1485 2345 non
1502 2316 1664 2355 eampse
1681 2306 1786 2344 Cam.

306 2389 358 2400 ⁴-
403 2377 493 2413 132.
535 2373 620 2413 ‘iam
658 2377 745 2415 add.
781 2378 834 2422 A,
868 2377 914 2414 cf.
949 2377 1073 2425 Bugg.
1108 2376 1250 2426 Opusc.
1285 2377 1333 2413 ad
1367 2376 1497 2412 Madv,
1531 2389 1567 2425 p.
1605 2376 1694 2413 187.
1735 2394 1788 2400 -

294 2440 655 2493 praearmare-221³,
689 2460 721 2481 v.
749 2445 796 2482 ad
819 2445 960 2494 Amph.
989 2446 1082 2483 775.
1113 2464 1159 2470 —
1190 2447 1280 2482 133.
1306 2441 1561 2492 Astaphium
1584 2451 1718 2481 nouus
1739 2444 1787 2480 A.

306 2511 538 2549 Diniarchus
587 2526 661 2549 non
709 2512 863 2549 dubitat
908 2514 1001 2563 quin
1046 2513 1093 2549 ad
1142 2526 1281 2551 novum
1320 2516 1533 2550 amatorem
1572 2513 1687 2548 missa
1724 2511 1787 2548 sit.

306 2581 470 2619 Schoell.
490 2594 574 2618 cum
596 2580 851 2618 Buechelero:
889 2595 961 2626 „an
990 2594 1112 2619 nouos
1136 2579 1341 2618 amator?“
1370 2599 1424 2606 --
1453 2582 1542 2619 134.
1575 2580 1613 2617 te
1635 2579 1722 2617 add.
1741 2580 1786 2617 A.

310 2645 391 2698 Qui
421 2649 473 2686 id.
502 2667 551 2674 —
579 2645 723 2686 Nimis
748 2645 928 2686 Otiosum
954 2651 1147 2687 curiosum
1182 2650 1371 2686 homiuem
1405 2649 1510 2694 dicit,
1545 2649 1611 2697 qui
1642 2648 1788 2685 alienas

306 2730 369 2754 res
394 2721 515 2763 curet,
555 2718 731 2767 quamvis
769 2730 881 2754 suum
912 2718 1187 2755 vestimentum
1225 2721 1263 2755 et
1301 2716 1428 2754 cibum
1467 2716 1630 2764 habeat3
1675 2729 1787 2755 servo

306 2785 455 2823 domini
495 2798 556 2822 res
597 2797 754 2833 curare,
788 2785 972 2822 ‘mendico
1018 2790 1057 2822 et
1096 2786 1201 2836 inopi
1243 2784 1568 2835 locupletioribus
1608 2784 1786 2822 insidiari
