2009 3218
441 232 521 271 506
688 275 699 286 ⁰
1102 229 1262 266 Rudens.

442 377 490 383 —
523 357 641 396 1274.
671 353 954 408 reliquiarum,
986 357 1033 395 cf.
1059 358 1216 396 Lucret.
1235 358 1265 406 I,
1296 360 1422 397 1109:
1457 359 1683 408 „Temporis
1706 362 1749 396 ut
1778 361 1922 408 puncto

437 426 494 463 nil
523 429 653 464 exstet
682 423 981 476 reliquiarum“.

554 495 674 532 1275.
733 494 828 532 Exit
863 493 1008 545 Gripus
1049 507 1133 532 cum
1172 508 1285 542 veru,
1333 497 1441 533 cuius
1471 495 1691 543 robiginem
1724 496 1924 544 extergere

438 565 620 609 conatur,
662 577 697 600 v.
733 563 838 599 1286
871 575 928 612 sq.
990 561 1116 600 Rarus
1154 564 1256 600 enim
1287 563 1370 600 eius
1400 576 1492 601 usus
1523 563 1652 609 fue-rat
1681 563 1721 599 in
1750 576 1923 613 paupere

438 630 639 668 Daemonis
687 630 824 676 domo;
878 630 995 667 hodie
1034 629 1266 668 sacrificium
1304 634 1344 668 et
1381 630 1504 680 epulae
1548 628 1655 667 fient.
1700 650 1757 655 —
1804 631 1922 668 1276.

440 693 555 736 Perii
585 697 671 735 edd.
699 718 750 723 —
780 699 899 736 1277.
932 695 1085 736 Candor
1108 697 1230 746 Reiz„
1261 711 1379 748 quum
1409 698 1542 736 Dousa
1576 696 1766 745 „tundar“
1801 698 1922 748 scrip·
1998 753 2000 755 Ι

437 766 562 804 sisset.
631 765 707 802 Sed
738 779 786 802 ne
817 766 915 803 illud
946 765 1102 815 quidem
1133 768 1269 814 negari
1298 769 1450 816 potest,
1489 767 1752 803 accusativum
1774 766 1924 814 pectus

437 828 583 882 (Madv.
609 832 674 871 Gr.
702 833 788 871 Lat.
815 835 893 871 237
919 830 954 882 c)
986 847 1123 883 parum
1155 834 1383 871 Plautinum
1415 834 1550 883 videri,
1583 846 1705 883 quare
1743 833 1922 872 Mueller.

439 901 512 950 „ob
549 898 709 951 pectus“
745 901 882 948 voluit,
919 914 990 951 ego
1025 902 1162 951 „palus
1193 905 1329 951 pectus
1359 898 1542 939 tundit“.'
1566 920 1620 926 -
1655 903 1773 940 1278.
1805 896 1922 950 Istic,

436 970 652 1007 Trachalio.
678 989 733 995 —-
757 979 828 1019 eqo
853 967 926 1020 qui
943 999 951 1006 .
971 999 980 1007 .
999 999 1006 1006 .
1026 967 1075 1016 ei,
1109 970 1155 1006 cf.
1182 971 1231 1007 ad
1252 971 1369 1007 1182.
1386 988 1443 995 -
1462 969 1580 1007 1279.
1613 966 1711 1008 dare
1728 969 1847 1017 Cam„
1874 970 1921 1009 cf.
2005 979 2007 1001 1

436 1039 486 1076 ad
515 1039 624 1076 Asin.
657 1039 750 1076 439.
797 1057 850 1062 *-—
900 1038 1017 1075 1280.
1065 1034 1225 1076 arrexit
1263 1034 1395 1084 auris,
1443 1037 1488 1074 cf.
1528 1037 1615 1074 Ter.
1657 1037 1780 1076 Andr.
1820 1039 1921 1076 933:

440 1107 603 1156 „Arrige
634 1109 751 1153 auris,
785 1103 1029 1155 Pamphile“.
1071 1105 1184 1154 Verg.
1211 1105 1301 1142 AEn.
1326 1105 1356 1152 I,
1387 1106 1477 1143 152.
1503 1124 1556 1130 —
1590 1105 1710 1142 1281.
1743 1100 1924 1144 cubitum

437 1171 572 1225 lonyis
602 1170 772 1221 litteris,
806 1174 854 1211 cf.
886 1174 1003 1210 Poen.
1038 1175 1131 1212 836.
1166 1193 1213 1198 —
1261 1175 1379 1211 1283.
1418 1169 1489 1211 Ad
1524 1169 1702 1221 Gripum
1732 1173 1819 1211 edd.
1878 1174 1926 1212 ut
2004 1154 2005 1159 ¹

426 1239 681 1291 postulatis,
722 1243 769 1280 cf.
803 1243 896 1280 999.
928 1262 983 1267 —
1026 1242 1143 1280 1286.
1195 1237 1609 1291 Quid...reaocas.2
1651 1242 1806 1278 vocavit
1836 1254 1923 1279 eum

434 1311 640 1348 Daemones
671 1313 740 1348 aut
771 1311 870 1348 alius
901 1311 986 1359 quis
1027 1323 1073 1347 ex
1112 1309 1271 1349 aedibus.
1310 1330 1363 1335 ·-
1408 1306 1500 1355 hoc,
1547 1322 1654 1348 veru.
1700 1328 1756 1334 -—
1803 1309 1922 1347 1287.

436 1389 456 1417 e
485 1375 598 1427 ferro
629 1379 722 1416 olim
753 1378 1021 1424 emendatum3
1061 1377 1269 1415 verborum
1309 1378 1486 1416 ordinem
1517 1378 1694 1415 restituit
1722 1377 1839 1414 Both.
1870 1396 1944 1420 —‚

439 1448 557 1485 1288.
599 1447 685 1485 Non
717 1447 842 1485 solum
877 1447 1032 1494 „tanto“
1068 1446 1253 1483 omissum
1283 1449 1364 1493 est,
1404 1445 1472 1483 sed
1502 1447 1621 1482 etiam
1654 1442 1819 1483 tenuius
1847 1457 1924 1493 non
2001 1448 2003 1479 l

434 1516 560 1565 primo
598 1516 684 1554 loco
724 1517 908 1566 positum.
948 1534 1002 1540 —
1046 1515 1163 1552 1289.
1195 1510 1312 1552 Num
1342 1511 1444 1563 quid
1472 1513 1690 1551 Francken.
1722 1527 1794 1552 em.
1854 1523 1922 1552 ue·
2000 1512 2001 1515 ¹

435 1584 632 1622 uenatum
669 1584 782 1622 Both.
814 1587 904 1633 post
934 1584 1042 1621 alios.
1112 1593 1256 1620 uerum
1293 1583 1355 1620 hic
1393 1585 1432 1619 et
1472 1583 1601 1629 1291;
1646 1581 1740 1619 alibi
1769 1594 1924 1631 semper

438 1650 601 1700 „ueru“‚
639 1665 726 1689 nam
759 1651 915 1689 Trucul.
951 1652 1029 1688 619
1077 1650 1208 1688 afferri
1253 1665 1330 1688 non
1375 1653 1529 1700 potest,
1575 1652 1620 1692 ut
1664 1649 1712 1686 de
1756 1651 1923 1688 veritate
2000 1658 2001 1683 1

436 1722 641 1771 scripturae
687 1719 860 1758 dubitari
904 1720 1050 1769 possit,
1097 1720 1317 1770 praesertim
1363 1731 1480 1767 quum
1526 1718 1606 1755 haec
1649 1717 1773 1755 forma
1817 1708 1923 1768 apud
1998 1720 2001 1759 j

434 1789 706 1839 grammaticos
737 1801 814 1826 non
845 1790 1181 1825 commemoretur.
1211 1806 1266 1811 —
1301 1787 1419 1824 1290.
1465 1799 1576 1834 „cum
1607 1786 1738 1824 inraso
1768 1782 1919 1836 capite“

435 1857 570 1904 codd.;
610 1857 674 1894 sed
708 1856 800 1906 quid
833 1857 984 1903 mirum,
1026 1855 1131 1905 quod
1163 1858 1281 1905 caput
1311 1867 1387 1892 non
1418 1853 1543 1891 rasit?
1591 1857 1660 1891 aut
1691 1867 1777 1904 quae
1807 1867 1923 1892 causa

436 1929 521 1963 erat
552 1939 620 1963 cur
651 1922 985 1975 caputpraderet?
1032 1923 1130 1961 Nam
1163 1924 1281 1961 etiam
1312 1924 1345 1960 si
1375 1935 1508 1960 verum
1541 1925 1653 1971 esset,
1685 1921 1791 1972 quod
1821 1921 1920 1959 Lon-
1996 1936 1998 1974 ξ

435 1994 562 2042 golius
598 1996 753 2040 narrat,
801 2005 869 2030 eos
909 1993 976 2041 qui
1007 2005 1026 2028 e
1056 1991 1260 2039 naufragio
1299 1992 1445 2029 servati
1476 1994 1605 2028 essent
1635 1993 1755 2040 caput
1783 1989 1921 2028 radere
1996 2007 1997 2014 ¹

435 2062 570 2100 solitos
602 2075 696 2108 esse,
729 2060 942 2099 Labracem
973 2060 1205 2107 naufragum
1244 2072 1326 2097 esse
1357 2058 1503 2109 Gripus
1541 2057 1712 2096 nondum
1745 2060 1920 2096 noverat.

434 2130 588 2167 Faciem
631 2130 714 2167 cius
753 2128 860 2169 videt
891 2141 1055 2177 eamque
1087 2131 1375 2166 commemorat.
1435 2126 1536 2164 Erat
1567 2130 1698 2164 autem
1732 2127 1919 2177 ‚‚crispus,
1994 2130 1995 2133 ’

434 2195 618 2236 incanus“
658 2193 776 2245 (125)
817 2200 855 2234 et
897 2192 1122 2243 „recalvus“
1157 2191 1287 2245 (315).
1355 2196 1532 2246 Apparet
1568 2195 1689 2244 igitur
1726 2194 1920 2232 calvitiem
1994 2181 1995 2226 Ῐ

434 2279 520 2304 cum
550 2278 689 2304 rasura
720 2268 985 2314 comparatam
1018 2276 1113 2311 esse,
1151 2267 1190 2301 et
1221 2265 1409 2313 scriptum
1439 2264 1559 2301 fuisse
1590 2267 1658 2300 aut
1692 2275 1801 2309 „cum
1831 2274 1920 2300 raso
1992 2275 1994 2286 ³

434 2331 584 2383 capite“
621 2337 698 2381 aut,
733 2332 838 2382 quod
867 2333 1001 2382 potius
1033 2331 1160 2379 credo,
1201 2328 1402 2370 semiraso
1434 2327 1566 2380 capite
1596 2331 1740 2368 omissa
1769 2342 1919 2380 praepo-
1992 2322 1994 2383 ζ

433 2403 575 2439 sitione
612 2404 656 2437 ut
686 2399 825 2438 Bacch.
863 2401 988 2447 1098,
1034 2399 1102 2436 ubi
1140 2399 1219 2437 vid.
1259 2418 1312 2424 ——
1357 2396 1470 2449 Quid
1503 2394 1582 2448 fit?
1626 2398 1671 2436 cf.
1709 2399 1826 2436 1039.
1865 2417 1920 2424 —-

438 2470 555 2507 1291.
588 2465 790 2516 medicus,
830 2469 896 2517 qui
928 2480 1100 2518 quaeras,
1132 2481 1208 2517 quo
1241 2467 1355 2505 modo
1386 2467 1548 2505 valeam.
1581 2486 1637 2491 —
1670 2467 1789 2504 1293.
1830 2462 1918 2504 teti·
1990 2518 1992 2525 Ι

431 2533 534 2587 {listi
563 2546 658 2583 acu,
705 2550 786 2573 rem
825 2538 949 2586 ipsam
989 2540 1167 2573 accurate
1198 2535 1393 2573 indicasti.
1470 2534 1724 2572 Proverbium
1753 2535 1918 2572 fortasse

433 2605 481 2643 ab
513 2617 581 2642 acu
611 2603 739 2641 fibulae
772 2604 942 2651 ductum,
975 2617 1060 2653 quae
1089 2605 1130 2640 in
1154 2603 1349 2641 foramina
1373 2603 1550 2650 corrigiae
1574 2601 1821 2640 immittenda
1846 2605 1916 2639 est.
1988 2632 1991 2653 ,η

433 2693 487 2699 ——
525 2669 670 2722 (liqna,
718 2685 803 2721 quae
835 2672 973 2709 deceat
1004 2671 1235 2709 mendicum.
1267 2691 1322 2696 —
1365 2671 1482 2708 1294.
1524 2670 1620 2708 Post
1649 2667 1759 2708 mari
1787 2670 1917 2707 hiatus
1988 2668 1990 2709 ἶ

433 2755 570 2791 parum
601 2742 683 2778 veri
714 2740 871 2786 similis3
905 2739 962 2776 Fi.
999 2737 1178 2786 „he1·cle“
1215 2739 1346 2786 addit3
1378 2739 1483 2775 Brix.
1511 2739 1609 2776 Ann.
1634 2738 1729 2788 phil.
1757 2736 1918 2776 CXXXI

432 2822 470 2861 p.
506 2809 583 2847 203
620 2805 745 2855 ,‚hic“.
781 2826 828 2832 —
868 2808 984 2845 1297.
1029 2807 1214 2855 „infuerit
1243 2805 1321 2844 ibi“
1357 2806 1474 2852 Cam.,
1516 2801 1573 2843 ibi
1602 2800 1779 2852 infuerit
1807 2804 1913 2842 Reiz.
1986 2819 1988 2862 ὲ
