2009 3218
378 208 460 248 532
1045 201 1203 236 Stichus.

373 333 484 372 Grut.
531 351 585 358 -
633 333 712 370 257
752 331 901 380 scripsi·
929 334 974 367 ut
1013 331 1054 366 in
1083 330 1119 367 A
1155 330 1252 378 legit
1290 328 1469 367 Loewius
1499 321 1676 366 Analect.
1708 342 1747 378 p.
1784 329 1860 368 176
1903 359 1906 362 -

374 415 460 440 cum
491 400 600 437 hiatu
629 402 722 450 post
751 401 889 447 imm03
930 398 970 434 in
1010 399 1149 435 ceteris
1185 397 1278 444 „abs
1308 393 1373 434 te“
1416 396 1582 444 legitur,
1620 395 1671 433 ad
1708 409 1864 434 sensum
1922 409 1926 412 ’

373 471 456 505 veri
487 467 675 515 similius,
721 470 892 503 omnesz'
924 463 1101 512 „dares“,
1141 464 1316 511 soloece,
1354 464 1457 501 unde
1487 463 1553 500 alii
1589 459 1765 510 „dates“,
1795 464 1865 502 alii

378 533 516 583 „duis“
565 535 795 584 corrigunt;
849 545 922 581 ego
965 545 1120 570 versum
1165 533 1341 581 spurium
1387 531 1619 569 iudicabam.
1669 549 1724 556 —-
1771 531 1864 570 258.

373 601 496 654 Negla
526 604 571 640 A.
601 602 771 651 Reliqua
807 613 943 639 versus
981 613 1074 650 pars
1114 599 1317 648 aequaliter
1354 599 1395 636 in
1426 598 1606 636 omnibus
1636 598 1748 636 libris
1779 611 1862 636 cor·
1926 636 1931 639 ,
1998 602 2004 614 ’

372 676 490 720 rupta
521 674 591 716 est,
625 682 697 707 nec
728 671 835 707 certa
866 668 1088 706 emendatio
1119 667 1284 718 reperiri
1314 669 1458 716 potest.
1521 666 1614 712 Quae
1644 666 1712 704 alii
1736 668 1867 715 conati

375 744 485 785 sunt,
533 753 569 776 v.
603 737 711 787 apud
752 736 977 784 Goetzium,
1027 748 1100 773 nos
1130 734 1344 772 Luchsium
1375 735 1500 772 secuti
1529 747 1662 771 sumus
1692 733 1864 774 Studem.

374 806 486 844 Stud.
517 806 535 842 Ι
572 819 610 855 p.
646 806 712 843 75.
755 824 804 830 —
849 805 942 842 260.
993 812 1153 853 quoque
1191 798 1332 848 etiam,
1378 816 1414 840 v.
1456 801 1505 839 ad
1534 801 1678 851 Amph.
1710 803 1774 840 30.
1811 821 1867 830 -

376 871 585 912 datarium
616 873 667 920 A,
708 873 732 910 i.
767 885 798 909 e.
833 884 918 922 quae
961 871 1046 917 dat,
1092 870 1138 908 cf.
1170 869 1311 908 Pseud.
1353 870 1452 908 973:
1501 870 1636 917 „nulla
1676 873 1736 907 est
1771 870 1868 909 mihi

375 943 481 980 salus
512 937 704 979 dataria“.
737 958 792 965 --
822 936 893 977 Au
922 940 962 975 in
994 939 1097 975 hunc
1125 951 1281 975 versum
1303 939 1472 975 retraxit
1495 937 1630 976 Goetz.
1688 938 1868 977 Donatus
1933 975 1937 978 .
1994 927 2002 970 s

377 1010 425 1047 ad
457 1010 544 1047 Ter.
575 1009 679 1046 Eun.
713 1009 792 1046 899
833 1001 889 1057 (5,
923 1008 959 1052 2,
996 1002 1088 1059 60):
1139 1007 1226 1054 „Au
1263 1006 1489 1043 interiectio
1528 1009 1588 1043 est
1625 1006 1867 1056 perturbatae
1918 1020 1921 1058 j

376 1079 573 1124 mulieris,
614 1080 657 1114 ut
688 1076 794 1126 apud
824 1075 983 1112 Graecos
1014 1071 1111 1111 Zoi=“.
1170 1073 1228 1111 Cf.
1253 1074 1375 1111 Andr.
1403 1075 1497 1111 751.
1542 1073 1645 1111 Eun.
1663 1075 1756 1112 656.
1774 1075 1868 1114 680.
1896 1120 1902 1123 μ
1953 1088 1982 1117 ·,

375 1146 516 1184 Heaut.
553 1145 672 1182 1015.
720 1143 875 1181 Phorm.
911 1143 1004 1180 754.
1042 1143 1135 1180 803.
1182 1141 1256 1179 Ad.
1291 1143 1382 1179 336.
1413 1161 1471 1166 —
1510 1143 1602 1179 261.
1636 1138 1797 1180 Nullan
1821 1142 1868 1183 R.

377 1233 431 1240 —-
478 1214 570 1251 262.
618 1211 731 1258 Quod
776 1213 898 1248 ceteri
939 1210 1051 1248 codd.
1096 1211 1274 1260 praebent
1324 1207 1558 1257 „Ueterem“
1606 1210 1745 1248 falsum
1790 1214 1868 1259 est3
1907 1228 1909 1230 ·

376 1283 411 1320 A
449 1285 555 1319 recte
603 1275 770 1325 Uentrig
817 1280 852 1315 ei
890 1279 963 1316 soli
1004 1279 1119 1325 vivit3
1166 1279 1199 1314 ei
1239 1291 1324 1314 eam
1365 1278 1541 1326 linguam
1581 1289 1622 1314 se
1661 1277 1868 1327 reliquisse

377 1349 484 1397 dicit,
518 1362 603 1398 quae
634 1351 800 1398 peteret.
876 1345 1070 1396 Geppert.
1102 1346 1213 1383 Stud.
1251 1345 1289 1382 II
1320 1359 1358 1394 p.
1391 1346 1442 1382 42
1475 1358 1606 1383 veram
1637 1346 1868 1395 scripturam

376 1431 516 1468 parum
553 1420 660 1453 recte
700 1415 883 1465 explicat.
929 1433 978 1439 -
1021 1410 1204 1452 eccillam
1243 1413 1425 1462 Bothius,
1472 1413 1518 1450 cf.
1550 1413 1654 1450 infra
1685 1414 1778 1451 538.
1814 1432 1866 1440 -—
1905 1411 1911 1416 “

379 1487 472 1524 263.
524 1484 641 1521 Prior
685 1496 822 1520 versus
867 1495 959 1532 pars
1004 1484 1047 1519 in
1093 1483 1127 1518 A
1172 1483 1271 1519 male
1323 1482 1470 1532 scripta
1513 1480 1726 1518 Ritschelio
1778 1494 1882 1533 per--

379 1553 504 1591 suasit
545 1552 642 1589 duos
680 1551 744 1588 hic
780 1563 916 1588 versus
959 1551 1052 1588 olim
1090 1550 1228 1596 fuisse,
1272 1550 1376 1587 unde
1416 1549 1619 1599 profectus
1658 1549 1799 1588 Luchs.
1830 1551 1869 1588 in

379 1620 553 1658 Studem.
587 1618 697 1657 Stud.
730 1618 749 1656 I
778 1633 817 1669 p.
855 1620 904 1656 29
936 1618 1019 1655 haec
1048 1619 1257 1668 proponit:
1293 1618 1396 1666 „CR
1427 1618 1578 1655 Malum
1608 1619 1674 1655 isti
1705 1617 1745 1654 di
1775 1616 1871 1655 dent

377 1689 548 1736 linguae,
581 1700 681 1737 quae
707 1686 811 1724 dicat
836 1686 946 1724 cedo.
994 1686 1075 1724 GE.
1108 1687 1255 1724 Malum
1279 1686 1435 1736 quidem
1459 1687 1492 1724 si
1515 1687 1588 1733 uis,
1617 1685 1714 1723 haec
1737 1684 1869 1723 eadem

380 1756 477 1793 dicit
508 1752 651 1793 dab0“.
721 1754 798 1792 Sed
829 1767 907 1791 non
939 1757 1016 1801 est,
1060 1768 1127 1791 cur
1160 1767 1181 1791 a
1213 1758 1429 1792 ceterorum
1470 1753 1647 1791 codicum
1677 1754 1872 1803 scriptura

379 1824 620 1861 recedamus.
711 1822 865 1859 Ancilla
910 1824 1088 1871 parasito
1141 1822 1285 1860 malum
1339 1824 1516 1872 optavit3
1570 1822 1603 1860 is
1646 1821 1871 1872 respondit:

382 1889 516 1939 Haec,
554 1893 580 1929 i.
614 1904 645 1929 e.
676 1891 811 1939 lingua
840 1903 947 1935 mea,
991 1887 1130 1928 eadem
1161 1885 1237 1928 tibi
1268 1887 1377 1928 dicit.
1409 1910 1465 1915 —
1506 1890 1598 1928 264.
1639 1885 1723 1928 Abi
1759 1897 1869 1937 sane,

380 1973 417 1997 v.
458 1960 507 1996 ad
546 1959 646 1996 Rud.
688 1959 780 1997 383.
828 1977 883 1983 -
944 1958 1037 1995 265.
1084 1958 1306 1996 uenturum
1342 1955 1483 2005 dicito,
1529 1970 1582 1995 sc.
1621 1970 1702 2004 me,
1746 1970 1783 1995 v.
1822 1955 1871 1995 sd

382 2027 524 2076 Amph.
560 2028 624 2065 22.
1560 2069 1564 2073 ,

497 2084 590 2133 269.
646 2090 752 2132 Nisi
787 2093 835 2131 ut
861 2103 908 2142 p.
940 2087 994 2140 fi,
1041 2095 1066 2131 i.
1099 2108 1130 2132 e.
1169 2095 1238 2132 sed
1277 2094 1495 2144 periculum
1533 2093 1754 2130 faciendum
1793 2094 1869 2140 est3

382 2163 502 2211 vulgo
545 2176 630 2200 cum
670 2161 926 2212 sequentibus
963 2163 1154 2210 iungunt,
1200 2176 1269 2211 ego
1315 2175 1401 2200 cum
1447 2160 1783 2208 antecedentibus,
1827 2159 1872 2197 ut

380 2231 522 2268 Pseud.
560 2232 686 2268 1102:
745 2229 857 2276 „Non
889 2230 1029 2279 edepol
1060 2232 1152 2275 scio,
1192 2230 1277 2268 Nisi
1308 2234 1353 2267 ut
1383 2230 1632 2268 observemus
1662 2241 1738 2279 quo
1768 2223 1869 2266 estf‘.
1906 2239 1907 2242 ¹
1982 2245 1990 2287 a·

383 2299 439 2337 Cf.
465 2299 513 2336 ad
538 2299 628 2336 Aul.
657 2299 751 2335 357.
781 2316 837 2323 —
872 2299 964 2335 270.
997 2299 1100 2335 Ante
1130 2295 1204 2336 hoc
1235 2299 1383 2344 hiatus;
1415 2297 1494 2336 FL:
1531 2297 1629 2344 „hoc
1658 2297 1711 2334 sis
1739 2291 1872 2344 uide“‚

382 2380 419 2404 v.
462 2367 511 2404 ad
541 2367 630 2403 Aul.
665 2367 730 2403 46.
773 2384 829 2389 —
877 2367 970 2403 271.
1018 2362 1140 2404 Satin
1176 2366 1240 2413 ut,
1286 2379 1322 2403 v.
1356 2365 1405 2402 ad
1445 2365 1586 2403 Bacch.
1618 2365 1712 2402 488.
1778 2362 1874 2402 Post

384 2430 514 2480 facete
543 2435 674 2471 hiatus
705 2435 745 2470 in
775 2446 935 2471 oaesura.
998 2433 1246 2472 Hermannus
1277 2438 1316 2470 et
1346 2433 1412 2470 R.:
1449 2445 1598 2482 „aeque
1629 2427 1788 2481 atque“.
1823 2447 1871 2456 -·

385 2512 437 2540 ex
455 2499 641 2550 pictura,
675 2503 786 2551 quasi
817 2515 864 2538 ex
893 2503 1052 2550 pictura
1083 2502 1322 2552 desumptus,
1354 2500 1551 2551 graphice,
1583 2503 1629 2537 ut
1653 2499 1754 2537 infra
1780 2497 1871 2538 572.

383 2589 439 2596 -—
485 2565 641 2616 astitit,
682 2570 729 2606 cf.
761 2569 844 2606 Mil.
880 2570 972 2607 215.
1015 2588 1069 2594 -—
1108 2571 1203 2607 272.
1242 2569 1385 2606 Servus
1424 2581 1472 2606 ex
1510 2567 1616 2605 cadis
1649 2580 1771 2618 parvo
1798 2577 1868 2616 po·
1897 2598 1932 2613 Ι.
1974 2548 1991 2604 ,⁸

387 2638 473 2675 culo
504 2638 636 2674 vinum
668 2638 907 2687 surripuisse
939 2638 1093 2684 dicitur,
1125 2641 1169 2674 ut
1194 2637 1278 2674 Mil.
1299 2637 1376 2674 851
1404 2649 1487 2686 sqq.
1513 2635 1657 2673 Lucrio
1688 2634 1788 2672 aula.
1820 2649 1870 2659 -

387 2706 480 2743 273.
524 2701 810 2752 „Exanclare“
854 2707 910 2742 ait
939 2705 1088 2742 Nonius
1117 2719 1155 2755 p.
1190 2705 1266 2742 291
1301 2717 1356 2753 sq.
1393 2703 1609 2752 „significat
1639 2696 1868 2740 exhaurit-0⁶¹

386 2773 489 2811 hunc
541 2774 668 2810 locum
722 2776 771 2810 et.
812 2773 909 2810 alios
966 2772 1156 2819 afferens;
1211 2771 1299 2810 add.
1340 2771 1526 2808 Priscian.
1565 2770 1656 2807 VIII
1692 2783 1730 2820 p.
1772 2767 1875 2806 7962.
