2009 3218
826 193 866 228 v.
892 195 1079 229 265-297.
1573 209 1580 216 ·
1607 198 1688 237 433

210 324 300 362 ΑΗ).
338 324 370 369 l,
407 323 474 359 12:
521 322 709 371 ι’σηγυρῖαν
740 324 797 358 καὶ
832 325 899 363 τοῖς
930 324 1065 363 δούλοις
1098 324 1186 371 πρὸς
1217 326 1426 372 ἐλευθέρου,-
1457 326 1686 372 ι’τιυιὴσαμὲν.

211 392 315 431 Dom.
357 389 453 428 Phil.
494 389 567 436 111,
611 391 654 428 3:
712 392 864 431 πολλοὺς
910 390 951 426 ἄν
1002 405 1046 431 τις
1093 391 1225 433 οἰκέτας
1265 392 1329 427 ἴδοι
1372 396 1446 440 παρ’
1483 393 1565 440 ὑμῖν
1602 394 1688 441 μετὰ

211 461 369 501 πλείονος
405 460 567 500 ἐξουσίας
605 459 624 494 ὅ
662 473 688 494 τι
728 460 910 506 βούλονται
959 459 1122 507 λέγυνιας
1163 461 1178 503 ἦ
1220 461 1364 501 making
1401 464 1436 495 ἐν
1475 462 1582 503 ἐνίαις
1622 463 1689 497 τῶν

210 529 321 565 ἄλλων
345 528 492 563 πόλεων.
519 545 569 551 ——
600 527 692 564 281.
725 523 874 573 cncede,
909 540 941 563 v.
962 527 1010 564 ad
1028 527 1137 564 Asin.
1157 528 1249 564 914.
1297 528 1368 574 Tu,
1402 529 1540 577 inquit,
1572 528 1687 566 homo

208 600 286 635 tam
316 595 425 633 nihili
457 607 516 641 es,
561 597 606 631 ut
635 594 695 632 vel
727 595 758 631 si
797 608 839 633 os
878 593 951 632 tibi
993 597 1256 644 percuterem,
1303 595 1398 632 nihil
1439 596 1688 634 metuendum

210 667 321 703 esset.
354 682 407 688 —
439 663 530 700 282.
562 658 791 700 nun-ticine.
838 662 1012 712 Scaliger
1044 662 1194 700 confert
1225 662 1312 700 Ter.
1347 663 1438 700 Hec.
1467 665 1567 702 441:
1605 678 1688 712 „ca-

210 732 399 770 dauerosa
430 727 565 768 facie“.
604 750 650 756 —
685 732 777 768 283.
819 725 950 769 Uideo
981 739 1052 780 eqo
1085 729 1132 777 te,
1165 731 1291 780 qualis
1323 731 1388 769 sis.
1450 728 1540 770 Iam
1571 729 1688 770 ‘incu-

211 796 358 838 bil‘vtus
388 808 450 845 es,
498 799 521 835 i.
556 813 588 836 e.
622 799 698 836 iam
729 798 945 836 incubitum
983 800 1064 836 sive
1104 801 1283 848 stuprum
1323 812 1484 849 passus,
1530 803 1574 837 ut
1605 800 1687 837 heri

209 869 333 918 gratia
358 866 554 905 confidens
577 880 658 904 esse
682 868 821 918 possis.
840 887 894 892 —-
919 863 1022 916 quid
1044 863 1090 904 id
1118 864 1175 904 cul
1206 867 1241 904 te
1264 863 1461 917 attinqit‘?
1495 868 1689 915 Mueller.‚

210 937 256 975 cf.
288 936 403 974 More.
438 936 502 972 32.
542 955 596 960 -
636 936 728 973 284.
777 936 822 973 ut
851 934 895 973 lu
926 936 969 972 A.
1015 932 1162 985 {statiis
1198 935 1313 973 idem.
1353 956 1408 960 —
1452 931 1687 984 Confidens,

209 1018 260 1042 sc.
288 1017 339 1051 es,
370 1004 415 1041 cf.
441 1003 489 1040 ad
514 1003 656 1053 Amph.
677 1005 768 1042 590.
826 1003 880 1041 De
905 1004 942 1040 vi
968 1003 1077 1041 verbi
1103 1004 1147 1041 cf.
1168 1003 1216 1041 ad
1236 1005 1329 1042 232.
1347 1024 1402 1029 —-
1421 1005 1513 1042 285.
1546 1014 1690 1053 Speras

209 1073 324 1110 etiam
340 1072 384 1119 A,
417 1071 540 1109 multo
564 1071 705 1110 fortius
732 1085 845 1122 quam
871 1071 977 1121 quod
1000 1076 1260 1122 reposuerunt
1284 1072 1398 1110 Both.
1423 1072 1469 1110 R.
1491 1069 1688 1123 „spcres“.

209 1160 263 1166 —-
308 1141 399 1178 286.
451 1135 574 1176 Potin
606 1139 650 1177 ut
682 1150 748 1186 ne,
783 1154 818 1177 v.
853 1139 901 1176 ad
932 1139 1047 1189 Epid.
1082 1141 1146 1178 66.
1189 1160 1244 1165 -
1293 1136 1412 1188 Quod
1441 1136 1566 1186 dicis,
1613 1153 1691 1178 non

209 1208 411 1246 molestum
450 1220 547 1245 esse.
588 1227 641 1233 —-
687 1209 780 1246 287.
816 1207 972 1256 parata
1002 1208 1215 1256 praestost
1245 1210 1363 1246 etiam
1393 1209 1448 1255 A,
1495 1221 1532 1246 v.
1564 1207 1687 1259 Gepp.

209 1275 318 1315 Stud.
349 1275 385 1312 II
415 1289 453 1326 p.
491 1278 529 1322 l,
569 1276 594 1314 i.
626 1289 658 1313 e.
689 1279 830 1325 parata
860 1276 985 1324 adest,
1028 1289 1143 1326 quam
1174 1276 1269 1314 mihi
1300 1279 1435 1327 optas,
1477 1277 1579 1314 mala
1615 1290 1689 1314 res.

209 1344 387 1394 Plerique
426 1343 513 1382 edd.
546 1357 593 1381 ex
625 1343 809 1381 Palmerii
851 1347 890 1382 et
919 1344 1106 1394 Scaligeri
1147 1345 1363 1382 sententia:
1416 1357 1554 1395 „praes
1591 1342 1691 1393 est“‚

209 1412 310 1463 quod
342 1425 387 1448 ex
411 1411 512 1449 Fest.
543 1411 649 1462 Epit.
674 1425 712 1462 p.
739 1413 817 1450 223
847 1412 948 1450 idem
981 1417 1098 1462 atque
1129 1416 1359 1462 praesentem
1391 1425 1473 1450 esse
1505 1412 1690 1461 efficiunt,

209 1479 314 1530 quod
344 1492 419 1518 non
451 1481 506 1517 ita
538 1483 606 1518 est.
640 1500 693 1505 —
736 1481 827 1518 288.
877 1476 1067 1520 Uadatw·
1096 1478 1162 1519 hic
1192 1491 1271 1526 mv,
1313 1481 1424 1530 quasi
1455 1481 1691 1519 accusatoris

208 1561 315 1586 more
351 1551 527 1598 agentem
567 1549 689 1595 ridet3
735 1552 803 1596 „ut
842 1553 1047 1587 accusator
1084 1562 1192 1587 reum
1225 1549 1329 1600 apud
1359 1549 1525 1586 iudicem
1557 1548 1691 1587 adesse

209 1616 333 1663 iubet,
378 1617 434 1653 ita
474 1617 539 1654 ille
577 1630 636 1654 me
677 1614 875 1655 domum“.
951 1617 1027 1656 Sed
1068 1618 1191 1655 facete
1223 1617 1420 1667 Paegnium
1467 1617 1690 1668 respondet,

209 1687 344 1734 optare
375 1697 426 1731 se,
457 1688 502 1722 ut
533 1684 650 1722 vades
682 1687 857 1724 invenire
889 1699 965 1723 non
996 1686 1121 1737 possit
1151 1689 1267 1736 atque
1295 1687 1332 1722 in
1359 1699 1513 1723 carcere
1538 1686 1691 1723 vinctus

209 1755 273 1792 sit.
291 1772 343 1778 --
360 1751 454 1791 289.
491 1748 603 1802 Quid
617 1749 710 1792 est?
739 1753 826 1791 edd.
845 1753 1005 1802 Paegnio
1022 1754 1214 1801 tribuunt,
1245 1754 1310 1792 vix
1328 1757 1442 1801 recte,
1470 1767 1506 1791 v.
1530 1755 1619 1792 145.
1640 1773 1689 1779 -

213 1817 404 1868 Tandem,
435 1836 469 1860 v.
493 1821 542 1859 ad
560 1822 666 1859 Asin.
689 1823 778 1859 175.
841 1822 923 1859 Hoc
954 1822 1103 1870 saltem,
1137 1823 1277 1873 inquit,
1310 1835 1421 1860 nemo
1451 1821 1689 1872 prohibebit,

210 1902 258 1928 ne
287 1902 421 1928 servus
451 1903 563 1927 servo
596 1889 818 1927 maledicat.
884 1887 932 1928 id
960 1890 1098 1941 scripsi
1130 1903 1202 1941 pro
1237 1887 1346 1939 „ut“,
1392 1890 1496 1941 quod
1528 1903 1605 1928 non
1636 1891 1692 1927 in·

210 1957 363 2008 tellig03
395 1958 441 1996 cf.
460 1958 544 1996 Mil.
566 1959 664 2005 354;
698 1958 736 1995 in
762 1958 795 1995 A
821 1957 945 2009 Gepp.
975 1956 1081 2006 „uti“
1111 1959 1216 2009 legit.
1241 1978 1297 1983 —
1329 1960 1408 1997 290
1440 1973 1496 2009 sq.
1530 1954 1691 2007 Specta,

211 2022 312 2076 quid
341 2022 499 2073 dedero,
531 2025 577 2063 cf.
602 2025 705 2063 Men.
733 2026 832 2065 461:
870 2026 1058 2073 „observa
1089 2027 1184 2076 quid
1215 2023 1356 2065 dabo“.
1417 2026 1511 2064 Mali
1543 2026 1694 2076 aliquid

211 2094 389 2132 minatur.
451 2093 670 2142 Paegnium,
713 2095 824 2144 quasi
855 2094 999 2132 donum
1038 2095 1302 2144 promisisset,
1350 2094 1561 2146 respondet
1605 2107 1691 2132 eum

211 2161 308 2200 nihil
343 2161 545 2208 daturum,
591 2175 679 2199 nam
718 2162 815 2199 nihil
852 2162 1007 2202 habere.
1039 2183 1095 2189 —
1134 2164 1226 2201 291.
1258 2172 1322 2201 me
1351 2163 1397 2201 A.
1432 2182 1480 2188 —
1524 2164 1602 2201 293
1633 2176 1689 2213 sq.

211 2229 371 2283 Rectum
402 2243 584 2268 versuum
615 2230 790 2268 ordinem
822 2230 996 2268 servavit
1017 2232 1063 2278 A,
1096 2234 1140 2269 ut
1164 2231 1338 2269 ostendit
1361 2231 1543 2282 Spengel.
1562 2231 1689 2269 Plaut.

211 2310 250 2348 p.
281 2298 332 2336 42
363 2312 419 2348 sq.
460 2297 632 2336 Studem.
667 2298 805 2336 Annal.
847 2298 944 2348 phil.
976 2297 1101 2337 XCIII
1140 2314 1178 2351 p.
1214 2301 1276 2338 53.
1353 2298 1595 2337 Sententiam
1636 2300 1692 2338 in-

212 2368 375 2416 ceptam,
409 2361 470 2404 Di
499 2377 562 2404 me
582 2364 775 2415 perdant,
808 2366 1061 2417 interrumpit
1092 2366 1288 2415 Paegnium
1321 2380 1362 2405 se
1392 2367 1432 2404 id
1462 2368 1590 2418 ipsum
1623 2380 1691 2417 op-

213 2435 296 2480 tare
325 2433 474 2482 dicens;
515 2435 773 2483 interruptam
804 2436 1054 2485 persequitur
1085 2434 1321 2484 Sagaristio:
1367 2431 1503 2484 Atque
1532 2431 1580 2473 id
1607 2433 1692 2484 fiat,

212 2497 298 2539 nisi
321 2501 357 2539 te
378 2497 570 2552 (Iefiyam;
603 2503 650 2540 cf.
670 2502 809 2540 Pseud.
837 2504 901 2540 37.
929 2504 1022 2540 948.
1050 2504 1098 2540 al.
1124 2523 1178 2529 —
1203 2504 1294 2542 294.
1329 2500 1422 2542 Tun
1447 2507 1486 2540 et
1510 2498 1694 2553 adsi-qent

210 2567 444 2618 propediem
475 2571 520 2608 A.
555 2590 604 2596 —
639 2572 732 2608 295.
770 2566 850 2619 Qui
879 2570 924 2617 A,
958 2583 993 2609 v.
1027 2570 1076 2607 ad
1102 2570 1205 2609 Men.
1231 2571 1324 2609 440.
1352 2590 1407 2596 ——
1439 2572 1531 2609 296.
1568 2568 1694 2609 Potin

216 2631 354 2685 uben-33
384 2637 432 2675 de
451 2636 543 2686 ‚,ut“
563 2640 704 2677 omisso
728 2638 774 2676 cf.
793 2639 841 2676 ad
860 2638 1001 2688 Amph.
1024 2640 1085 2677 12.
1120 2638 1236 2677 Poen.
1260 2640 1377 2677 1250.
1405 2659 1460 2665 —
1485 2641 1578 2678 297.
1608 2636 1694 2677 iam

216 2703 263 2743 'ex
291 2706 418 2756 spatio
441 2707 686 2757 palimpsesti
711 2706 755 2744 R.
816 2706 1015 2754 Paegnium
1046 2706 1182 2744 herum
1212 2708 1443 2758 suspicatur,
1476 2707 1580 2757 quod
1612 2711 1691 2745 tarn

217 2771 282 2810 diu
311 2773 470 2818 afuerit,
510 2776 586 2812 iam
619 2775 746 2812 animo
777 2787 818 2812 se
847 2774 1070 2813 verberare.
1110 2795 1164 2800 —
1209 2771 1265 2814 Ut
1293 2789 1328 2814 v.
1363 2776 1412 2813 ad
1444 2775 1562 2813 Mero.
1598 2777 1690 2813 702.

315 2846 350 2874 v.
1381 2851 1424 2884 23
