2009 3218
121 191 180 235 Vl,
205 193 235 233 5,
261 189 372 225 1—10
784 188 940 223 Stichus.
1522 193 1602 231 245

507 380 800 423 STEPHAN
801 381 833 422 I
833 380 935 423 ΠΜ.
997 381 1218 424 EIDEM.

683 493 1032 546 Stephanium

122 568 281 612 Morem
297 581 456 621 geram,
476 580 596 607 meae
614 566 815 618 deliciae;
834 581 931 608 nain
952 568 1013 608 ita
1032 581 1096 608 me
1117 567 1259 609 Uenus
1278 583 1461 610 amoena
1477 574 1605 619 amet,

121 638 178 682 Ut
207 653 284 692 ego
315 638 398 680 huc
429 639 512 680 iam
546 638 708 680 dudum
742 639 889 680 simitu
923 639 1102 681 exissem
1134 639 1356 681 uobiscum
1383 641 1513 689 foras,
1539 653 1601 685 741

120 710 210 753 Nisi
242 724 307 752 me
338 709 463 751 uobis
495 724 770 761 exornarem3
806 725 904 752 nam
937 712 998 752 ita
1029 716 1093 752 est
1125 712 1339 763 ingenium
1374 712 1604 754 muliebre:

120 782 234 825 Bene
266 796 394 836 quom
427 782 548 824 lauta
578 787 695 824 tersa
725 789 880 824 oruata
911 783 1013 824 ficta
1045 788 1122 826 est.
1156 782 1317 824 infecta
1349 789 1415 824 est
1447 791 1603 835 tamen,

120 854 347 909 Nimioque
380 854 647 916 sibiffnulier
680 856 882 896 meretrix
914 855 1106 909 repperit
1138 854 1281 896 odium
1316 856 1434 896 ocius

121 926 208 969 Sua
223 926 492 975 inmunditia,
524 941 652 981 quau]
680 928 719 967 in
746 932 1003 981 perpetuum
1030 931 1078 968 ut
1096 926 1264 980 placeat
1285 928 1497 969 munditia
1515 943 1603 970 sua.

754 1006 969 1048 Stichus

120 1078 306 1121 Nimium
338 1078 479 1133 lepide
511 1078 706 1120 fabulata
736 1084 810 1120 est.

711 1158 1005 1211 sanglarius

865 1230 1044 1272 Ueneris
1078 1245 1196 1272 mera
1228 1236 1291 1272 est
1324 1233 1478 1273 oratio.
1541 1243 1607 1277 746

757 1310 814 1351 St
824 1311 838 1350 i
850 1310 901 1351 elz
914 1325 939 1351 u
949 1323 969 1351 s

124 1365 342 1420 Sangarie.

719 1438 1014 1492 Sanyarius

407 1509 516 1560 Quid
549 1510 644 1551 est?

753 1590 971 1633 Stichus

698 1663 834 1705 Totus
868 1664 1007 1707 doleo.

716 1755 1014 1808 Sanqarius

1047 1828 1212 1870 Totus?
1245 1834 1369 1870 tanto
1399 1829 1607 1871 miserior.

692 1907 1035 1959 Stephanium

126 1961 282 2005 Utrubi
312 1963 554 2006 adcumbo?

714 2043 780 2086 Sa
794 2021 1038 2097 nyarius‘

421 2116 578 2159 Utrubi
609 2121 657 2158 tu
690 2117 788 2158 uis?

692 2207 1040 2260 Stephanium

653 2279 759 2322 Cum
792 2280 1002 2322 ambobus
1034 2279 1155 2331 uolo3
1187 2294 1286 2321 nam
1317 2279 1467 2322 ambos
1499 2293 1607 2321 amo.

761 2370 972 2412 Stichus

128 2439 313 2496 Uapulat
342 2443 576 2497 peculium3
608 2448 751 2484 actum
785 2448 870 2494 θεῖς
904 2442 1015 2496 fugit
1046 2443 1128 2484 hoc
1160 2442 1340 2484 libertas
1371 2448 1515 2497 eaput.

238 2601 382 2640 findas
404 2613 468 2638 om.
575 2603 644 2636 740
668 2602 807 2635 Morem
834 2601 939 2636 uobis
965 2611 1090 2645 geram
1194 2602 1257 2636 741
1283 2601 1343 2636 hic
1449 2602 1515 2636 sim
1542 2601 1606 2636 ad-

127 2658 307 2694 uexitnem
334 2658 363 2694 C
439 2661 506 2694 742
529 2659 744 2693 muliebrem
770 2658 806 2693 B
883 2660 949 2693 743
975 2659 1073 2693 lauta
1095 2663 1154 2693 'est
1239 2659 1305 2693 747
1330 2659 1525 2702 sangarine

128 2710 232 2749 doleo
258 2714 287 2750 C
373 2719 484 2761 potus
583 2717 651 2751 748
675 2715 769 2750 Uti-11
794 2715 855 2750 ubi
880 2714 926 2758 Β,
951 2714 1082 2750 Utrum
1107 2716 1174 2750 tibi
1202 2715 1232 2751 C'
1274 2716 1413 2750 accubo
1440 2714 1469 2750 0

128 2771 215 2805 M
236 2771 298 2806 ubi
388 2773 444 2808 ius
471 2772 502 2808 C
588 2773 765 2807 ambabus
794 2771 823 2806 C
912 2772 1124 2807 ambosomo
1150 2771 1187 2807 B
1276 2773 1344 2806 749
1369 2773 1489 2816 capud
