2009 3218
752 262 757 267 ,
789 219 829 254 v.
856 222 1046 256 574—610.
1584 226 1663 263 645

378 347 469 384 Haec
499 347 566 384 ubi
598 347 771 386 Bellonae
802 355 911 387 motu
943 355 1002 386 est
1033 351 1192 399 agitata,
1225 365 1293 389 nec
1325 364 1451 389 acrem

446 414 673 460 Flammam,
705 428 781 453 non
813 429 946 453 amens
976 417 1141 454 verbera
1171 421 1279 456 tortii
1312 420 1435 457 timet.

378 483 463 532 Ipsa
495 483 662 533 bipenne
693 497 782 521 suos
814 483 927 521 caedit
959 485 1131 523 violenta
1160 487 1329 524 lacertos

444 550 642 599 Sanguine
675 555 715 588 et
745 542 1053 601 effuso-spargit
1085 554 1208 591 inulta
1239 554 1363 600 deam,

376 618 540 668 Statque
571 619 674 656 latus
706 619 867 669 praefixa
897 632 1004 666 veru,
1039 623 1117 657 stat
1148 622 1280 658 saucia
1310 626 1446 672 pectus

442 686 494 724 Et
525 689 632 725 canit
663 691 838 734 eventus,
871 700 970 737 quos
1003 687 1075 724 dea
1106 701 1245 737 magna
1275 694 1416 728 monet.

172 755 251 792 596
284 768 368 804 sqq.
411 756 666 805 anapaesticos
708 756 908 804 discripsit
947 754 1091 805 Speng.
1124 755 1320 794 Reformv.
1352 771 1389 807 p.
1428 759 1526 805 180,
1566 771 1664 808 quos

168 822 235 859 alii
274 822 493 861 trochaicos
533 823 691 861 habent.
735 843 789 850 —
832 824 925 862 597.
964 833 1039 862 cur
1076 819 1239 871 ausu’s,
1287 826 1332 862 cf.
1367 826 1414 863 ad
1445 827 1533 863 Aul.
1568 828 1661 864 733.

167 910 223 916 ——
253 885 450 929 Dubitum
482 892 547 929 est
575 891 690 930 Both.
732 896 777 930 ut
809 893 902 930 599.
944 912 995 916 —
1039 893 1130 930 598.
1170 889 1354 930 Istucine
1383 893 1448 942 Sp.
1482 893 1661 932 Camera-

167 959 314 996 rarium
347 963 514 997 secutus.
589 969 814 1008 responsas
845 959 907 997 ed.
938 972 998 1009 pr.
1075 960 1263 998 Schoell.:
1314 960 1443 1007 „Istuc
1482 975 1530 999 ne
1567 962 1662 999 mihi

168 1024 391 1078 responsis⁴⁴
425 1029 540 1065 nimis
570 1030 780 1078 patienter.
855 1025 967 1075 Hoc,
1007 1041 1058 1066 sc.
1091 1028 1165 1065 tibi
1196 1028 1428 1078 respondeo.
1466 1048 1521 1054 ——
1568 1031 1660 1068 600.

175 1091 316 1143 „Istuc
336 1092 529 1144 primum
561 1094 772 1145 emperiam
813 1096 893 1134 haec
925 1097 1035 1134 miles
1067 1109 1199 1134 secum
1231 1095 1350 1135 dicit“
1386 1096 1451 1146 Sp.
1483 1117 1538 1122 —
1570 1098 1662 1135 tan-

170 1160 256 1202 tilli
286 1164 378 1201 olim
410 1163 672 1202 emendatum.
735 1163 859 1214 Gepp.
897 1162 1060 1214 ..petili“
1103 1166 1261 1215 scripsit
1293 1178 1338 1201 ex
1370 1165 1470 1203 Non.
1503 1179 1540 1215 p.
1564 1167 1660 1203 149:

170 1232 372 1283 „petilum,
405 1236 523 1269 tenue
555 1236 594 1269 et
621 1224 724 1269 'exile
757 1231 875 1270 cett.“
911 1232 958 1270 cf.
977 1232 1071 1270 Luc.
1091 1233 1258 1270 Mueller
1284 1233 1332 1270 ad
1358 1232 1481 1270 Lucil.
1506 1247 1543 1284 p.
1565 1234 1658 1271 244.

166 1320 220 1325 --
260 1301 354 1338 601.
402 1299 645 1350 Opsonatum
689 1313 774 1338 cum
806 1304 1035 1351 contemptu
1068 1306 1356 1339 commemorat.
1408 1311 1540 1350 posca
1572 1315 1662 1339 con-

165 1369 345 1419 temptim
369 1381 443 1419 pro
467 1369 570 1415 vino,
605 1368 652 1406 cf.
677 1368 761 1405 Mil.
788 1369 883 1406 835.
909 1388 963 1393 —
997 1365 1207 1406 ‘moechum
1240 1369 1299 1406 ed.
1325 1382 1384 1418 pr.
1445 1365 1661 1416 malacum,

165 1437 270 1475 mad
285 1437 428 1487 Amph.
450 1437 542 1474 311.
580 1456 620 1461 -
648 1438 740 1474 602.
783 1431 1123 1483 Umbraticolum,
1157 1450 1273 1487 quum
1301 1439 1523 1486 superiores
1554 1450 1661 1484 „um-

164 1503 422 1542 braticolam“
449 1506 550 1542 male
581 1506 844 1554 scripsissent.
877 1509 981 1541 recte
1008 1506 1195 1543 tuebatur
1212 1505 1350 1553 Both.;
1383 1510 1440 1542 est
1467 1507 1568 1543 enim
1596 1507 1661 1543 de-

166 1573 399 1610 minutivum
424 1574 530 1611 vocis
545 1572 798 1617 umbraticus,
825 1573 870 1608 de
889 1586 965 1622 quo
983 1586 1031 1609 ue
1049 1574 1136 1623 quis
1156 1574 1321 1621 dubitet,
1340 1570 1662 1612 umbraticulum

167 1641 326 1689 scripsi3
359 1654 393 1677 v.
421 1641 469 1678 ad
487 1640 597 1678 Curc.
619 1642 711 1679 556.
773 1640 938 1690 Reliqua
970 1646 1133 1692 propter
1164 1655 1246 1680 voc.
1282 1639 1415 1687 nauci,
1449 1642 1496 1678 de
1521 1655 1597 1692 quo
1626 1655 1660 1679 v.

167 1708 217 1746 ad
238 1708 377 1746 Bacch.
408 1709 527 1755 1099,
559 1707 672 1746 affert
699 1708 886 1746 Priscian.
907 1709 957 1746 VI
984 1723 1021 1759 p.
1044 1710 1136 1747 682.
1196 1709 1296 1746 Item
1322 1709 1462 1747 Festus
1493 1723 1531 1760 Ρ.
1561 1711 1658 1747 166;

169 1789 301 1823 „amas
327 1776 520 1814 hominem
546 1790 626 1814 non
642 1775 797 1822 nauci“,
824 1782 862 1813 et
890 1776 1089 1814 Osbernus
1108 1791 1169 1826 ap.
1187 1777 1279 1815 Mai.
1308 1779 1420 1815 Auct.
1440 1778 1550 1815 class.
1570 1777 1661 1815 VIII

164 1857 203 1895 Ρ.
224 1845 302 1882 578
329 1856 408 1894 sq.:
444 1845 636 1892 „Plautus
653 1847 964 1894 tympanotriam
984 1846 1112 1894 inquit
1129 1844 1276 1883 amas“.
1328 1840 1659 1896 tympanotribae

167 1917 299 1950 autem
323 1914 403 1950 sive
428 1917 656 1962 tympanum
683 1917 856 1950 terentes
875 1918 985 1949 erant
1002 1912 1103 1950 Galli
1121 1913 1275 1961 Magnae
1292 1914 1445 1962 Matris,
1476 1927 1512 1950 v.
1531 1913 1658 1950 Catul.

167 1981 231 2018 63.
258 1980 308 2017 al.
360 1981 451 2018 Post
467 1981 539 2018 hoc
563 1994 646 2018 voc.
672 1981 803 2018 hiatus
827 1982 866 2018 in
892 1994 1038 2018 caesura
1061 1994 1208 2019 versus.
1229 2001 1281 2006 ——
1312 1977 1422 2029 Quae
1446 1977 1544 2019 haec
1561 1976 1663 2019 res?

165 2047 393 2095 Saracenas,
427 2050 473 2086 cf.
501 2049 648 2086 Ritsch.
684 2048 826 2098 Opusc.
858 2049 916 2086 III
946 2063 982 2099 p.
1021 2050 1110 2095 129,
1151 2062 1387 2098 quamquam
1420 2051 1451 2086 is
1483 2050 1660 2098 postulat

165 2120 211 2154 ut
233 2116 449 2154 scribatur:
485 2117 619 2165 „Quae
644 2115 778 2164 res?“;
804 2131 839 2154 v.
865 2118 914 2154 ad
931 2118 1038 2154 Asin.
1057 2118 1150 2154 474.
1169 2137 1222 2142 —
1242 2118 1321 2155 603
1339 2130 1423 2166 sqq.
1448 2118 1521 2154 nisi
1538 2117 1657 2166 pluri-

164 2184 235 2222 bus
259 2186 418 2222 mutatis
445 2187 670 2235 anapaestici
696 2185 780 2222 fieri
807 2199 884 2222 non
910 2190 1089 2236 possunt,
1122 2199 1156 2221 v.
1191 2185 1335 2234 Speng.
1369 2185 1452 2222 Ref.
1481 2198 1518 2234 p.
1559 2185 1658 2231 1813

164 2254 299 2302 itaque
330 2253 522 2290 trochaeos
554 2255 708 2303 reliqui.
775 2249 949 2301 peiiuri,
993 2253 1091 2290 hanc
1122 2254 1285 2290 formam
1317 2257 1452 2290 tuetur
1482 2252 1657 2290 Studem.

164 2320 267 2359 Mus.
305 2320 430 2359 Rhen.
469 2321 564 2359 XXI
602 2335 639 2372 p.
685 2322 777 2360 588.
825 2341 879 2346 -
927 2322 1019 2359 604.
1067 2317 1189 2365 istoc,
1236 2335 1271 2358 v.
1313 2320 1360 2358 ad
1393 2320 1531 2358 Bacch.
1564 2321 1657 2358 379.

164 2385 248 2436 hac,
282 2402 335 2427 sc.
370 2389 572 2428 machaera.
632 2385 849 2438 conficiam
880 2389 1049 2439 Lipsius,
1083 2389 1129 2425 cf.
1165 2383 1262 2426 617.
1326 2384 1510 2436 offatim,
1543 2392 1586 2425 ut
1618 2389 1657 2425 in

164 2457 281 2502 offas,
327 2459 351 2494 i.
385 2471 416 2494 e.
448 2458 618 2495 frustula
650 2454 717 2506 (cf.
749 2457 834 2494 Mil.
868 2458 939 2504 49)
980 2458 1231 2503 concidatur,
1271 2457 1317 2495 cf.
1352 2458 1445 2494 612.
1479 2457 1570 2494 617.
1602 2475 1659 2480 —-

165 2526 257 2563 605.
292 2525 328 2562 te
359 2525 448 2562 add.
482 2526 541 2563 ed.
575 2538 634 2576 pr.
681 2544 735 2550 —-
781 2525 860 2562 606
903 2538 975 2562 em.
1008 2524 1113 2562 Cam.
1175 2522 1232 2562 acl
1260 2530 1319 2562 est
1349 2525 1467 2575 apud,
1508 2525 1555 2561 cf.
1590 2525 1655 2562 99.

168 2611 214 2617 —
260 2593 353 2630 607.
399 2589 512 2631 haud
550 2593 594 2630 tu
634 2589 735 2630 mim·
779 2592 868 2629 add.
901 2592 987 2629 Sch.
1035 2611 1088 2617 —-
1137 2594 1229 2631 608.
1280 2590 1426 2640 „mihi“
1459 2605 1533 2629 om.
1568 2592 1655 2630 Sch.

167 2659 359 2710 „tuaque“
390 2661 483 2698 ferri
514 2674 591 2699 non
623 2665 777 2711 potest3
810 2669 936 2709 aeque
965 2660 1014 2698 ut
1043 2662 1194 2710 scripsi.
1221 2680 1275 2685 —-
1307 2662 1400 2698 610.
1437 2660 1554 2704 „odio
1586 2658 1650 2697 es“

163 2727 267 2764 Cam.
295 2728 460 2766 fortasse
494 2733 610 2766 recte.
673 2728 854 2765 Proxima
886 2729 1052 2777 pessime
1084 2734 1282 2778 corrupta.
1343 2728 1483 2778 Speng.
1511 2729 1654 2766 omisso

166 2793 277 2842 „hie“
314 2795 395 2834 ed.:
433 2797 643 2840 „confectis
674 2797 851 2833 omnibus
884 2796 998 2833 rebus
1021 2794 1140 2833 tuis“.
1201 2795 1306 2834 Sch.:
1348 2797 1460 2841 „odio
1485 2790 1656 2833 senio's?
