2009 3218
350 186 429 224 308
1041 183 1158 217 Plauti
1557 185 1620 228 IV,
1646 187 1678 226 2,
1703 178 1836 222 452—52

932 307 1252 350 Charmides

346 379 463 432 Opus
493 377 656 420 factost
687 379 849 420 uiatico
882 379 936 420 ad
967 385 1089 420 tuum
1122 393 1289 422 nomen.
1321 385 1369 421 ut
1398 385 1447 422 tu
1477 381 1718 434 praedicas.

918 491 1266 546 Sycophanta

346 563 426 605 Est
458 562 744 604 minusculum
776 562 961 604 alterum
992 565 1115 618 quasi
1147 564 1351 605 uexillum
1382 565 1611 606 uinarium.

931 674 1244 718 Charmides

347 747 459 797 Quid
489 748 538 789 id
567 752 631 788 est
661 746 744 789 tibi
773 761 939 797 nomen,
974 747 1257 790 adulescens?

914 849 1266 903 Sycophanta

1211 921 1313 971 Pax,
1345 922 1387 963 id
1421 927 1486 964 est
1507 925 1672 964 'nomen
1704 923 1834 974 mihi;

315 1019 319 1023 -
346 992 438 1033 Hoc
469 991 794 1034 cotidianumst.

933 1084 1252 1128 Charmides

850 1157 1017 1211 Edepol
1047 1172 1202 1199 nomen
1233 1159 1529 1210 nugatorium3
1771 1171 1839 1205 890

348 1229 482 1279 Quasi
513 1229 643 1277 dicas,
679 1231 715 1271 si
746 1230 851 1282 quid
883 1229 1142 1270 crediderim
1172 1229 1266 1280 tibi,
1298 1243 1393 1282 pax,
1424 1230 1602 1283 periisse
1633 1231 1745 1273 ilico.

345 1300 426 1342 Hic
456 1300 584 1342 homo
617 1301 755 1343 solide
787 1301 1056 1355 sycophanta
1087 1307 1164 1342 est.
1221 1301 1333 1351 Quid
1365 1302 1429 1343 ais
1463 1307 1522 1352 tu,
1554 1302 1838 1345 adulescens?

916 1413 1269 1468 Sycophanta

937 1556 1257 1599 Charmides

346 1629 573 1683 Eloquere,
606 1629 680 1671 isti
707 1629 788 1671 tibi
813 1630 918 1683 quid
945 1630 1141 1671 homines
1174 1629 1346 1679 debent,
1374 1643 1482 1682 quos
1509 1635 1556 1671 tu
1584 1631 1841 1683 quaeritas?

919 1743 1269 1798 Sycophanta
1332 1762 1334 1764 v

347 1814 475 1856 Pater
505 1815 631 1856 istius
667 1815 958 1857 adulescentis
992 1815 1112 1856 dedit
1143 1815 1221 1856 has
1254 1814 1361 1857 duas
1395 1815 1499 1856 mihi
1530 1815 1754 1869 epistulas,

346 1885 594 1937 Lesbonici3
625 1887 662 1928 is
697 1886 801 1928 mihi
833 1893 900 1928 est
931 1888 1107 1928 amicus.

935 1988 1247 2031 Charmides

1602 1485 1714 1536 Quid
1745 1488 1840 1529 est?
1888 1469 1894 1473 ¹
1970 1492 2002 1508 '¹

1047 2061 1188 2102 Teneo
1220 2061 1335 2102 hunc
1368 2061 1748 2113 manufestarium3
1773 2071 1840 2107 895
1908 2114 1913 2115 ⁷
1986 2102 1989 2107 ⁴

346 2130 414 2172 Me
446 2130 527 2172 sibi
560 2131 770 2184 epistulas
802 2131 971 2175 dedisse
1005 2133 1121 2174 dicit.
1186 2132 1350 2174 Ludam
1383 2132 1600 2175 hominem
1632 2134 1778 2188 probe.

923 2245 1269 2300 Sycophanta

346 2315 415 2356 Ita
445 2319 494 2357 ut
525 2317 685 2369 occepi,
721 2317 755 2357 si
787 2318 978 2359 animum
1010 2318 1234 2366 aduortas,
1267 2317 1420 2359 dicam.

935 2429 966 2472 C
978 2431 1004 2473 h
1015 2446 1040 2473 a
1050 2446 1072 2472 r
1085 2431 1188 2473 mid
1202 2446 1223 2472 e
1237 2445 1257 2472 s

1385 2501 1509 2544 Dabo
1542 2516 1718 2556 operam
1748 2501 1842 2544 t-ibi.

461 2636 528 2669 887
552 2634 690 2670 factost
714 2639 752 2670 et
835 2641 872 2670 at
897 2636 932 2671 B
1013 2639 1080 2672 888
1107 2637 1273 2672 iuxillum
1300 2635 1346 2676 B,
1373 2637 1542 2671 uixillum
1568 2635 1597 2671 G
1687 2636 1841 2671 889—91

349 2693 515 2736 leyuntur
527 2696 613 2736 post
629 2693 700 2728 938
767 2694 834 2727 889
859 2693 895 2727 id
921 2704 986 2729 om.
1058 2695 1125 2728 890
1149 2693 1377 2728 cotidianust
1447 2694 1515 2727 892
1540 2690 1844 2737 sycoplautastB

439 2760 476 2783 es
546 2750 612 2783 893
637 2748 669 2782 X
693 2748 730 2783 B
797 2750 863 2783 894
894 2757 920 2784 ω
945 2750 978 2784 Β
1048 2750 1136 2784 mihi
1163 2760 1228 2785 om.
1255 2749 1284 2784 0
1349 2750 1415 2783 895
1442 2749 1659 2784 Lesbonicis
1684 2749 1783 2784 mihi.
