2009 3218
177 204 231 247 11,
254 206 285 247 2,
311 204 400 239 3-9
855 199 1012 236 Stichus.
1589 204 1670 243 213

773 324 1068 379 Panegyris

1004 396 1094 438 Ean
1127 398 1268 450 gratia
1298 396 1404 439 foris
1435 397 1667 451 ecfringis?

759 498 1071 540 Gelasimus

177 575 291 617 Tuos
323 573 521 622 inclama,
553 572 618 613 tui
650 571 926 625 delinquont3
961 585 1038 624 ego
1071 571 1176 624 quid
1204 585 1269 612 me
1298 571 1433 613 uelles
1459 571 1667 613 uisebam.

176 645 282 688 Nam
316 658 381 686 me
414 643 615 698 equidem
647 642 799 684 harum
832 642 1078 684 miserebat.

783 744 1058 786 Pinacium

724 816 836 870 Ergo
868 817 1078 858 auxilium
1112 830 1296 871 propere
1326 816 1464 858 latum
1496 822 1574 859 est.
1601 828 1670 862 330

770 918 1067 973 Panegyris

178 991 379 1043 Quisnam
414 991 482 1032 hic
513 991 706 1044 loquitur
738 997 824 1032 tam
858 1003 992 1045 prope
1024 991 1135 1032 nos?

772 1104 806 1146 G
819 1119 840 1146 e
854 1105 957 1146 Iasi
971 1119 1009 1145 m
1022 1119 1047 1146 u
1060 1120 1079 1147 s

1133 1176 1371 1218 Pinacium.

776 1280 1071 1334 Panegyris

1388 1335 1471 1378 Ubi
1503 1336 1540 1378 is
1573 1336 1668 1378 est?

782 1438 1056 1481 Pinacium

180 1511 359 1565 Respice
397 1511 451 1552 ad
486 1524 551 1551 me
583 1517 626 1552 et
657 1511 854 1565 relinque
887 1520 1080 1564 egentem
1116 1512 1375 1566 parasitum,
1419 1511 1665 1566 Panegyris.

771 1623 840 1666 Pa
855 1626 1068 1678 ›zeyyris

178 1680 413 1733 Pinacium,

781 1776 1058 1818 Pinacium

475 1848 594 1889 Istuc
625 1848 875 1890 indiderunt
906 1863 1061 1890 nomen
1094 1849 1279 1891 maiores
1314 1849 1427 1890 mihi.

180 2005 290 2056 Qu
382 2008 388 2013 ι
772 1949 1069 2003 Paneyyrz's

218 2020 258 2047 ui
321 2007 446 2060 agis?

783 2100 1059 2144 Pinacium

378 2172 490 2223 Quid
524 2186 665 2226 agam,
696 2173 892 2226 rogitas?

770 2286 1067 2341 Paneyyris

775 2357 885 2408 Quid
920 2360 961 2400 ni
994 2360 1207 2413 rogitem?
1266 2400 1270 2404 .

786 2460 1059 2502 Pinacium

1118 2532 1228 2584 Quid
1261 2548 1429 2577 mecum
1463 2542 1526 2577 est
1556 2536 1666 2577 tibi?

295 2668 361 2701 328
385 2666 481 2702 PAN
507 2677 572 2702 om.
598 2668 633 2702 A
748 2669 815 2703 330
839 2679 896 2702 me
924 2679 989 2703 om.
1014 2667 1082 2704 BC
1196 2670 1344 2714 quidem
1370 2672 1404 2705 A
1519 2672 1669 2706 misera-

176 2720 265 2756 bmt
288 2724 323 2757 A
392 2725 454 2758 331
483 2725 679 2768 pinacuum
706 2724 751 2766 B,
779 2725 964 2759 dinacium
994 2724 1023 2760 0
1091 2726 1224 2761 ubiisst
1242 2727 1276 2760 A
1348 2728 1415 2762 332
1440 2728 1486 2762 ad
1512 2739 1577 2763 om.
1604 2727 1669 2763 BG

176 2778 258 2812 med
282 2779 316 2814 A
407 2781 473 2815 333
498 2780 694 2816 Dinacium
721 2780 749 2816 C
840 2780 923 2816 PIN
948 2792 1014 2817 om.
1041 2783 1074 2816 A
1167 2782 1327 2818 indideri
1352 2783 1387 2818 B
