2009 3218
366 211 445 249 328
1041 205 1160 240 Plauti
1614 205 1653 247 V:
1680 208 1709 250 2,
1739 208 1846 247 1,-13

596 398 924 441 CHARMIDES
999 398 1317 449 CALLICLES,
1350 397 1525 439 SENES
1557 398 1609 439 ΙΙ.

757 478 1062 520 LYSITELES
1096 476 1461 520 ADULESCENS

948 590 1256 632 Charmides

364 663 512 717 Neque
543 662 624 704 fuit
654 676 791 717 neque
824 664 903 704 erit
934 676 1072 716 neque
1113 676 1207 704 esse
1247 676 1504 716 quemquam
1537 661 1748 704 hominem
1782 664 1845 704 in-

1310 738 1428 775 terra
1458 733 1656 785 arbitror,
1761 746 1845 780 1125

365 806 473 856 Quoi
503 805 607 847 fides
638 804 912 858 fidelitasque
944 806 1130 847 amicum
1161 819 1263 858 erga
1293 806 1546 859 aequiperet
1575 810 1716 858 tuam3

364 878 474 919 Nam
506 877 880 919 exaedificauisset
912 891 977 918 me
1009 891 1057 918 ex
1091 877 1157 918 his
1190 876 1370 918 aedibus
1402 876 1567 932 absque
1598 882 1640 918 te
1671 876 1794 919 foret.

978 966 1235 1009 Callicles

365 1040 408 1082 Si
440 1040 543 1094 quid
574 1040 758 1081 amicum
790 1053 892 1092 erga
922 1039 1031 1081 bene
1063 1038 1144 1081 feci
1176 1043 1252 1080 aut
1284 1039 1479 1081 consului
1510 1039 1707 1091 fideliter,

363 1112 459 1153 Non
490 1112 642 1153 uideor
673 1111 878 1152 meruisse
910 1111 1096 1157 laudem,
1128 1111 1254 1164 culpa
1286 1112 1478 1153 caruisse
1509 1111 1709 1153 arbitror.

363 1183 471 1224 Nam
519 1182 773 1225 beneficium
820 1183 982 1224 homini
1029 1184 1247 1237 proprium
1296 1183 1409 1236 quod
1450 1184 1602 1236 datur,
1649 1198 1725 1237 pro
1770 1196 1846 1242 3ᾳο

1310 1256 1540 1309 sumpserit
1551 1272 1560 1307 3
1761 1265 1847 1300 1130

364 1327 487 1377 Quod
519 1327 648 1369 datur
680 1326 900 1377 utendum,
932 1327 976 1368 id
1008 1326 1234 1380 repetundi
1267 1328 1446 1380 copiast,
1480 1326 1653 1381 quando
1685 1327 1804 1370 uelis.

949 1416 1263 1458 Charmides

365 1489 442 1530 Est
471 1490 533 1531 ita
563 1495 612 1529 ut
641 1494 688 1530 tu
721 1489 841 1530 dicis.
902 1489 984 1532 Sed
1018 1502 1095 1542 ego
1128 1489 1207 1530 hoo
1238 1503 1402 1542 nequeo
1437 1490 1585 1531 mirari
1616 1491 1733 1541 satis,

365 1561 473 1602 Eum
504 1574 695 1602 sororem
728 1561 1010 1615 despondisse
1043 1575 1166 1602 suam
1197 1562 1240 1602 in
1274 1566 1363 1603 tam
1393 1561 1550 1604 fortem
1581 1559 1802 1603 familiam.

950 1639 1263 1682 Charmides

367 1712 544 1765 Lysiteli
575 1712 746 1765 quidem
777 1711 987 1754 Philtonis
1019 1712 1119 1754 filio.

975 1792 1242 1846 Lysiteles

1175 1863 1300 1905 Enim
1331 1878 1384 1905 ne
1414 1864 1619 1905 nominat.

948 1942 1264 1985 Charmides

366 2014 590 2055 Familiam
623 2018 841 2068 optumam
874 2016 1115 2070 occupauit.

967 2095 1242 2148 Lysiteles

980 2166 1090 2216 Quid
1124 2179 1202 2219 ego
1234 2179 1355 2208 cesso
1386 2165 1465 2208 hos
1497 2165 1727 2219 conloqui?
1762 2175 1846 2209 1135

365 2236 446 2278 Sed
474 2250 667 2278 maneam
696 2239 838 2289 etiam,
872 2240 1046 2292 opinor3
1077 2252 1262 2292 namque
1287 2238 1366 2279 hoc
1391 2238 1659 2280 commodum
1679 2237 1846 2279 orditur

1307 2309 1439 2363 loqui.

948 2388 1264 2430 Charmides

368 2444 470 2486 Uah.

476 2601 794 2637 ADULESCENS
820 2604 857 2637 ΙΙ
982 2605 1067 2637 1125
1092 2603 1280 2638 hominum
1307 2603 1334 2638 C
1453 2602 1637 2637 interdum
1756 2602 1840 2635 1126

364 2670 467 2692 suum
575 2660 660 2693 1128
687 2659 839 2694 benefici
865 2660 900 2694 B
1000 2661 1085 2694 1130
1110 2661 1378 2704 presumpserit
1479 2661 1561 2694 1131
1590 2659 1715 2693 datum
1741 2661 1845 2692 uteu-

365 2715 488 2748 damst
516 2715 549 2748 id
578 2717 771 2758 repetundi
879 2717 967 2751 uelit
1070 2718 1153 2750 1132
1178 2721 1302 2750 metuo
1407 2718 1490 2749 1134
1518 2715 1666 2760 piltonis
1765 2715 1846 2748 1137

363 2772 387 2805 G
413 2771 491 2806 Uha
698 2776 701 2780 ’
