2009 3218
310 215 390 254 208
991 209 1113 244 Plauti
1530 209 1560 252 Ι,
1585 210 1617 252 3,
1641 211 1798 254 97—106

905 334 1209 377 Gelasimus

1180 406 1272 457 Quo
1304 405 1459 448 modo?

312 478 425 529 Quid
454 479 587 532 igitur
617 491 684 519 me
716 477 838 520 uolt?

899 578 1208 622 Crocotium

922 651 1073 693 Tritici
1106 651 1272 693 modios
1303 650 1452 692 decem
1737 662 1803 696 255

311 722 480 775 Rogare
511 723 677 776 opinor.

899 817 1208 860 Gelasimus

734 888 870 940 Mene,
904 894 951 931 ut
982 889 1036 930 ab
1068 903 1161 931 sese
1194 888 1368 943 petam?

894 1001 1219 1056 [Crocotium

313 1072 449 1115 Immo
481 1076 531 1114 ut
561 1086 587 1114 a
617 1072 744 1115 uobis
776 1079 970 1115 mutuum
1002 1074 1126 1116 nobis
1159 1074 1298 1116 dares.

902 1187 1225 1242 Gelasimus]

313 1257 434 1311 Nega
465 1271 561 1300 esse
593 1258 709 1312 quod
741 1258 837 1300 dem
871 1263 1066 1301 mutuum
1096 1274 1238 1313 neque
1269 1259 1464 1300 triticum

312 1328 464 1382 Neque
497 1329 615 1371 aliud
648 1330 880 1384 quicquam
910 1332 996 1372 nisi
1026 1331 1107 1372 hoc
1139 1330 1255 1384 quod
1285 1329 1425 1372 habeo
1458 1329 1647 1383 pallium.

314 1400 525 1454 Linguam
558 1415 731 1455 quoque
763 1404 894 1444 etiam
925 1403 1102 1444 uendidi
1135 1403 1361 1445 datariam.

909 1515 1215 1559 Crocotium

1415 1587 1494 1639 Au,
1742 1598 1808 1633 260

314 1657 477 1700 Nullan
507 1658 587 1700 tibi
618 1659 766 1712 lingua
798 1660 894 1702 est?

911 1769 1214 1812 Gela-simus

946 1841 1063 1892 Quae
1097 1842 1269 1896 quidem
1302 1841 1421 1883 dicat
1451 1840 1609 1893 ‘dabo';

316 1910 471 1952 Uentri
502 1911 658 1966 reliqui
690 1913 897 1965 eccillam,
930 1928 1041 1968 quae
1074 1914 1192 1955 dicat
1224 1913 1367 1956 ‘cedo'.

907 2027 1217 2070 Crocotium

319 2095 481 2137 Malum
512 2096 592 2138 tibi
625 2098 665 2139 di
700 2099 813 2140 dent.

914 2201 1218 2243 Gelasimus

877 2272 994 2315 Haec
1027 2273 1177 2315 eadem
1212 2274 1315 2316 dicit
1348 2273 1438 2315 tibi.

434 2428 499 2461 255
524 2426 618 2470 Quid
645 2429 758 2473 igitur
781 2442 840 2465 me
867 2431 972 2466 uolt?
1023 2431 1129 2465 Mene
1156 2435 1198 2466 ut
1223 2443 1243 2466 a
1268 2442 1347 2466 sese
1373 2434 1496 2475 petam

524 2483 654 2519 Tritici
679 2486 822 2521 modios
849 2487 976 2522 decem
1001 2499 1135 2531 rogare
1162 2489 1292 2533 opinor
1316 2491 1353 2522 te
1378 2487 1458 2522 uolt
1482 2488 1514 2521 A

318 2541 386 2574 2526
413 2540 547 2584 opinor
572 2545 606 2574 te
632 2543 713 2577 uolt
737 2543 804 2579 BG
904 2546 969 2578 2:37
995 2549 1035 2579 ut
1063 2545 1128 2579 abs
1154 2550 1190 2579 to
1214 2544 1283 2580 BG
1389 2545 1456 2579 258
1480 2542 1624 2588 Negato
1649 2541 1717 2578 ΒΟ

322 2599 404 2633 dem
437 2611 504 2635 nec
537 2601 626 2635 mihi
661 2611 728 2634 nec
757 2604 926 2635 mutuum
1064 2602 1130 2635 259
1155 2602 1349 2646 quisquam
1376 2600 1411 2635 B
1552 2601 1619 2635 260
1644 2597 1814 2635 uendidit

320 2657 436 2691 ariam
469 2656 519 2700 B,
558 2657 805 2691 uenditariam
834 2657 863 2692 O
986 2657 1042 2691 Au
1075 2658 1238 2701 proximo
1269 2668 1372 2693 versu
1501 2657 1564 2691 261
1598 2655 1742 2691 Nullam
1769 2654 1812 2698 A,

322 2713 431 2747 Nulla
456 2713 523 2748 BC
625 2714 691 2747 262
716 2712 885 2748 Ueterem
913 2712 980 2748 BC
1084 2725 1208 2749 eccam
1233 2714 1278 2756 A,
1305 2725 1430 2749 eccam
1456 2714 1556 2748 illam
1581 2712 1650 2748 Bo
1748 2711 1813 2746 263

322 2769 463 2804 Malum
489 2769 637 2814 quidem
664 2770 694 2804 si
721 2769 774 2803 uis
799 2769 831 2802 A
