2009 3218
390 208 441 248 96
1054 202 1211 237 Rudens.
1651 202 1681 246 l,
1709 204 1739 244 3,
1764 203 1876 237 7—35

501 329 610 370 Nam
642 329 723 370 hoc
756 328 856 369 mihi
887 328 998 369 haud
1030 327 1214 369 laborist
1244 327 1435 368 laborem
1466 327 1578 368 hunc
1609 327 1751 380 potiri,

504 401 546 441 Si
579 414 682 453 erga
713 404 934 453 parentem
968 404 1044 441 aut
1075 399 1179 440 deos
1209 413 1276 440 me
1308 399 1486 452 inpiaui.
1815 409 1878 442 190

504 473 588 514 Sed
620 472 663 513 id
696 472 729 512 si
762 474 915 524 parate
948 471 1094 512 curaui
1127 476 1176 511 ut
1207 484 1414 519 canerem,

501 544 608 585 Tum
641 544 720 584 hoc
753 542 855 583 mihi
887 542 1100 588 indecore,
1133 543 1293 595 inique,
1327 542 1568 583 inmodeste

505 615 628 656 Datis
662 615 724 664 di3
756 629 855 656 nam
888 614 989 667 quid
1021 613 1244 654 habebunt
1274 613 1355 655 sibi
1387 614 1493 667 inpii
1528 613 1722 666 posthac,

510 687 553 728 Si
584 686 638 727 ad
670 686 782 727 hunc
811 687 983 728 modum
1018 690 1082 726 est
1112 686 1296 726 innoxiis
1327 685 1467 726 honor
1497 685 1612 738 apud
1645 685 1752 726 uos?

503 758 610 800 Nam
643 773 708 799 me
741 759 775 799 si
815 759 943 800 sciam
987 757 1138 799 fecisse
1171 761 1245 798 aut
1277 761 1479 809 parentes
1509 756 1701 807 sceleste,
1739 757 1880 797 minus

1340 829 1422 869 mei
1454 828 1671 870 miserear.
1818 840 1880 873 195

392 902 474 943 Sed
509 902 610 943 erile
644 902 783 943 scelus
817 916 882 943 me
915 901 1134 948 sollicitat,
1169 901 1259 941 eius
1295 914 1358 941 me
1386 900 1572 953 inpietas
1599 900 1709 941 male
1734 899 1879 942 habet.

395 974 436 1015 Is
469 987 624 1015 nauem
657 979 786 1027 atque
819 975 965 1015 omnia
998 972 1188 1026 perdidit
1219 973 1262 1012 in
1295 973 1417 1013 mari.

393 1045 510 1087 Haec
539 1046 752 1087 bonorum
783 1046 875 1087 eius
909 1052 1006 1086 sunt
1039 1045 1258 1097 reliquiae.
1321 1043 1462 1085 Etiam
1495 1057 1605 1097 quae
1635 1043 1764 1085 simul

398 1117 534 1160 Uecta
564 1130 728 1159 mecum
762 1118 805 1158 in
838 1117 1054 1171 scaphast,
1089 1116 1270 1167 excidit3
1302 1129 1380 1167 ego
1412 1129 1526 1156 nunc
1558 1116 1651 1157 sola
1683 1130 1787 1158 sum.

395 1189 514 1239 Quae
545 1190 648 1230 mihi
683 1190 717 1230 si
750 1189 862 1230 foret
893 1188 1014 1230 salua
1048 1188 1213 1237 saltem,
1244 1186 1368 1228 labor
1817 1199 1884 1232 200

396 1262 551 1302 Lenior
582 1265 701 1303 esset
731 1261 801 1302 hic
834 1260 936 1301 mihi
969 1261 1060 1301 eius
1093 1274 1245 1313 opera„

395 1333 518 1374 Nunc
549 1347 678 1387 quam
711 1347 828 1385 spem
861 1338 935 1373 aut
967 1346 1090 1385 opem
1124 1337 1199 1373 aut
1230 1331 1380 1372 consili
1414 1331 1518 1384 quid
1550 1335 1803 1385 capessam?

509 1405 576 1446 Ita
607 1404 676 1445 hic
709 1404 812 1445 solis
844 1404 951 1445 locis
985 1404 1207 1457 conpotita
1239 1418 1346 1444 sum.

396 1477 476 1517 Hic
509 1490 614 1517 saxa
646 1482 757 1532 sunt,
800 1476 870 1516 hic
902 1489 1019 1516 mare
1051 1480 1190 1522 sonat,
1235 1489 1310 1516 nec
1352 1475 1578 1528 quisquam
1618 1474 1744 1516 homo
1780 1461 1883 1516 mihi

1346 1546 1519 1588 obuiam
1552 1547 1684 1588 uenit.

510 1619 600 1661 Hoc
632 1620 747 1674 quod
779 1619 931 1660 induta
963 1633 1067 1669 sum,
1103 1633 1294 1660 summae
1327 1633 1428 1672 opes
1461 1619 1633 1673 oppido,
1822 1630 1888 1663 205

509 1692 597 1733 Nec
629 1692 724 1733 cibo
758 1705 836 1732 nec
867 1691 961 1732 loco
994 1695 1111 1732 tecta
1143 1705 1228 1744 quo
1262 1692 1342 1732 sim
1374 1691 1472 1732 scio.

510 1763 628 1813 Quae
660 1763 765 1804 mihi
797 1769 864 1804 est
896 1777 1003 1816 spes,
1038 1776 1124 1816 qua
1155 1777 1221 1804 me
1252 1763 1402 1804 uiuere
1435 1763 1594 1804 uelim‘?

510 1835 598 1876 Nec
630 1836 710 1876 loci
743 1848 878 1887 gnara
910 1849 1002 1875 sum
1035 1835 1218 1876 necdum
1248 1835 1376 1876 adhuc
1406 1835 1476 1876 hic
1507 1835 1580 1876 fui.

512 1907 675 1949 Saltem
709 1907 896 1960 aliquem
929 1906 1057 1948 uelim
1091 1908 1162 1960 qui
1195 1906 1296 1947 mihi
1331 1921 1380 1947 ex
1413 1907 1479 1948 his
1510 1906 1615 1948 locis

512 1981 597 2020 Aut
629 1981 742 2020 uiam
776 1985 851 2019 aut
882 1979 1079 2019 semitam
1113 1983 1342 2029 monstret3
1374 1978 1437 2020 ita
1467 1992 1581 2019 nunc
1823 1989 1890 2022 210

512 2051 603 2092 Hac
635 2065 688 2091 an
721 2051 820 2091 illac
852 2065 959 2100 eam,
994 2051 1161 2092 incerta
1192 2064 1286 2092 sum
1317 2050 1481 2092 consili.

511 2122 599 2164 Nec
627 2137 758 2176 prope
785 2137 966 2177 usquam
995 2122 1063 2163 hic
1088 2122 1260 2176 quidem
1287 2122 1449 2164 cultum
1475 2136 1624 2175 agrum
1650 2122 1888 2175 conspicor.

513 2195 652 2247 Algor,
688 2209 818 2243 error,
852 2208 988 2248 pauor
1020 2194 1206 2236 membra
1237 2195 1342 2235 milei
1373 2196 1516 2236 omnia
1548 2199 1708 2236 tenent.

515 2266 615 2307 Haec
647 2272 849 2320 parentes
885 2268 964 2307 mei
998 2266 1111 2308 haud
1146 2267 1265 2308 scitis
1299 2268 1455 2309 miseri,

515 2338 581 2379 Me
614 2353 727 2379 nunc
759 2339 957 2379 miseram
992 2353 1086 2380 esse
1117 2339 1180 2380 ita
1211 2340 1273 2380 uti
1309 2353 1414 2380 sum.
1825 2349 1891 2382 215

521 2498 581 2529 139
607 2500 669 2530 aut
773 2499 830 2529 191
862 2497 890 2529 it
987 2499 1046 2531 193
1074 2498 1208 2541 sibigni
1236 2498 1320 2539 (sibi
1349 2498 1424 2539 igni
1454 2497 1494 2539 C)
1521 2496 1621 2540 impii
1724 2496 1786 2530 195
1812 2507 1889 2531 sce-

403 2555 493 2588 leste
519 2553 679 2597 parontis
706 2553 739 2586 B
809 2554 961 2587 miserer
1029 2556 1090 2588 196
1117 2555 1259 2588 sollitat
1283 2554 1319 2588 B
1393 2555 1455 2588 198
1481 2554 1630 2597 reliquae
1655 2553 1691 2587 B
1761 2553 1888 2587 etiam-

404 2624 473 2655 que
502 2611 530 2645 C
603 2611 665 2644 201
695 2609 850 2643 leniores
877 2610 938 2644 sed
968 2612 995 2644 (J
1068 2613 1134 2644 202
1159 2611 1366 2654 Numquam
1438 2611 1582 2645 consilii
1665 2611 1730 2643 204
1755 2609 1893 2645 duobus

402 2666 614 2702 versibusB
672 2666 867 2700 obueniam
886 2668 914 2700 (J
971 2669 1036 2702 208
1061 2680 1128 2702 nec
1155 2668 1217 2702 diu
1243 2668 1301 2702 hic
1362 2668 1427 2700 209
1453 2667 1575 2701 ιιι-11111]
1592 2666 1626 2701 Β
1674 2669 1736 2700 211
1753 2668 1894 2702 incerta

404 2724 544 2758 consilii
571 2722 618 2764 B,
645 2724 822 2762 incertam
851 2723 993 2757 consilii
1023 2724 1052 2759 C
1215 2726 1280 2758 213
1307 2736 1362 2758 me
1389 2724 1512 2758 omnia
1680 2725 1746 2757 214
1772 2727 1834 2757 aut
1859 2721 1895 2757 B

403 2782 468 2815 215
497 2781 546 2815 ita
572 2790 636 2814 om.
669 2780 696 2814 C
