2009 3218
763 213 803 247 V.
829 214 1019 248 224—252.
1551 216 1630 255 573

140 340 192 379 M.
226 339 386 379 Catonis
416 342 515 386 vitii,
549 354 627 378 non
657 341 784 378 laudis
815 341 889 378 fuit
908 372 915 378 .
936 373 942 378 .
963 373 970 379 .
991 372 997 378 .
1019 337 1138 392 [eius]
1163 342 1243 380 haec
1267 345 1375 380 sunt:
1409 343 1630 379 Auni-itiam

140 410 269 447 omnia
308 410 406 446 uitia
446 408 589 445 habere
637 408 849 458 putabant;
905 414 1176 458 sumptuosus,
1233 409 1414 460 cupiduS‚
1462 410 1628 459 elegans,

137 477 316 522 uitiosus,
347 477 488 513 inritus
520 477 585 525 qui
618 475 851 523 habebatur,
885 478 916 514 is
948 476 1224 515 laudabatur“.
1266 479 1312 514 cf.
1338 477 1438 514 Nou.
1470 491 1507 528 p.
1534 478 1627 515 465.

141 557 228 582 ann.
262 544 310 581 ad
341 544 424 581 Mil.
460 545 579 581 1228.
611 563 659 568 —
695 545 785 581 242.
820 540 1191 591 Latebricolarum,
1225 547 1292 595 qui
1322 545 1494 582 latebras
1525 558 1629 594 quae-

138 617 239 650 runt.
275 631 327 637 -—
360 613 622 660 corrumptor
643 614 689 659 A,
725 613 771 650 cf.
801 614 891 650 115.
935 633 980 638 —
1028 609 1202 650 blandus
1233 610 1356 661 inops
1387 613 1430 649 R.
1465 613 1628 658 delevit;

138 693 208 718 nos
247 693 332 718 cum
371 681 505 718 Brixio
542 682 739 729 posterius
777 685 952 727 ‘tantum3
1001 680 1180 731 Spengel.
1222 681 1550 718 Reformvorschl.
1591 694 1628 730 p.

139 749 217 786 268
253 747 415 798 „inpos“
451 750 620 797 scripsit.
698 745 871 787 celatum
905 745 942 796 (i.
976 762 1007 786 e.
1042 745 1276 795 celatorum)
1309 745 1542 798 indayator,
1584 753 1630 785 ut.

136 816 231 855 nibil
257 818 413 854 omnino
445 817 708 866 relinquatur.
736 837 789 842 —
823 818 914 854 243.
949 813 1061 854 Nam
1089 814 1160 866 qui
1182 817 1296 854 amat
1320 813 1431 865 quod
1455 817 1568 854 amat
1582 818 1626 855 A.

137 884 240 922 Brix,
274 886 423 922 confert
461 884 571 922 Curc.
616 886 705 923 170.
797 886 916 923 Mere.
952 887 1045 923 733.
1134 884 1210 921 Sed
1251 885 1498 922 desideratur
1538 889 1628 922 ante

141 952 293 1002 „quod“
331 954 533 1001 genetivus
573 953 875 990 demonstrativi
906 954 1160 1004 pronominiS,
1193 954 1327 990 durius
1359 955 1478 989 etiam
1512 954 1628 990 omis-

137 1034 200 1058 sus
232 1035 345 1070 quam
376 1023 416 1058 in
449 1023 508 1068 iis,
570 1034 655 1071 quae
686 1021 732 1058 ad
766 1021 908 1072 Amph.
943 1023 994 1059 37
1027 1023 1242 1059 attulimus.
1306 1020 1454 1058 Ritsch.
1492 1019 1623 1068 ,‚eius“

138 1089 317 1127 addebat.
344 1109 397 1114 —
416 1099 537 1138 quom
569 1086 770 1137 extemplo
803 1090 932 1136 Both.,
964 1105 1000 1127 v.
1027 1090 1074 1126 ad
1100 1090 1240 1139 Amph.
1269 1090 1361 1127 858.
1390 1109 1444 1113 —
1474 1089 1624 1135 „sauis“

137 1158 247 1196 codd.
282 1146 466 1203 Palatini,
508 1162 546 1195 et·
577 1159 630 1194 sie
662 1158 1009 1207 pronuntiandum.
1072 1157 1164 1195 Cum
1198 1154 1410 1206 sayittatis
1442 1157 1487 1194 cf.
1525 1157 1625 1203 „Ve-

137 1228 240 1263 neris
271 1223 451 1274 sagittae“
489 1226 592 1276 apud
626 1226 781 1263 Lucret.
813 1225 878 1271 IV,
916 1228 1034 1264 1278.
1104 1225 1160 1262 De
1191 1225 1420 1274 paenultima
1451 1225 1559 1261 brevi
1591 1239 1625 1262 v.

137 1295 289 1344 Proleg.
322 1310 359 1346 p.
396 1296 485 1333 199.
524 1313 576 1319 -·
620 1295 712 1331 245.
755 1292 795 1332 Si
826 1292 971 1340 audes,
1015 1294 1060 1331 cf.
1095 1294 1143 1330 ad
1176 1293 1293 1331 Poen.
1327 1294 1420 1331 756.
1445 1312 1498 1318 -
1532 1293 1626 1330 246.

136 1358 216 1402 Ibi.
263 1363 306 1401 In
329 1365 374 1400 A.
394 1363 544 1400 Ritsch.
602 1360 728 1409 „Abi“
758 1363 934 1410 legebat3
974 1362 1153 1411 equidem
1184 1360 1320 1409 „Ast“.
1354 1381 1408 1386 —
1446 1357 1627 1408 cuculus,

137 1446 173 1470 v.
205 1432 255 1468 ad
285 1434 394 1469 Asin.
429 1432 522 1469 914.
598 1430 650 1469 Ut
681 1444 816 1468 versus
849 1432 1014 1467 creticus
1051 1430 1184 1476 fieret,
1231 1431 1396 1479 primam
1438 1429 1626 1478 syllabam

136 1501 298 1551 produci
330 1503 466 1537 contra
497 1500 761 1549 posteriorum
787 1512 898 1536 usum
924 1500 1063 1536 statuit·
1088 1498 1193 1535 Brix.
1241 1497 1391 1534 Deinde
1414 1497 1515 1534 idem
1541 1511 1625 1535 cum

134 1569 334 1606 Lindem.:
374 1568 429 1615 ..O
458 1566 620 1604 oce11e“.
639 1587 691 1592 -—
709 1562 794 1615 fiat,
819 1581 854 1605 v,
874 1568 922 1603 ad
941 1567 1052 1604 Cure.
1074 1568 1167 1604 671.
1184 1587 1239 1591 —-
1257 1567 1348 1603 248.
1379 1563 1626 1614 pendentem

134 1632 243 1685 ferit,
277 1637 380 1686 quod
413 1637 535 1673 servis
566 1635 652 1672 fieri
683 1635 846 1681 solebat,
887 1650 921 1671 v.
956 1635 1004 1671 ad
1037 1636 1153 1672 Most.
1192 1636 1309 1672 1147.
1342 1654 1394 1658 -
1429 1635 1507 1671 249
1541 1647 1625 1670 cum

136 1704 374 1741 Buechelero
406 1704 548 1741 Annal.
581 1703 675 1754 phil.
708 1703 835 1740 XCIX
865 1718 902 1753 p.
937 1704 1017 1740 488
1057 1705 1233 1753 spurium
1273 1702 1411 1739 habeo.
1447 1721 1496 1726 —
1532 1702 1624 1739 250.

135 1774 191 1810 A:
239 1771 591 1818 QUODEB.BIT.
667 1771 725 1808 Ex
765 1772 875 1808 codd.
919 1773 1040 1820 igitur
1079 1770 1325 1808 scribendum
1367 1774 1451 1806 erat
1495 1770 1624 1819 „quod

137 1841 304 1888 ebibit“;
337 1842 404 1878 sed
434 1841 721 1890 praeferendum
754 1853 838 1877 cum
866 1839 1103 1876 Buechelero
1136 1835 1281 1876 ecbibiz‘
1311 1852 1357 1875 ex
1383 1837 1522 1883 Nonio,
1557 1839 1624 1887 qui

135 1909 239 1947 hunc
267 1922 420 1946 versum
452 1908 618 1946 laudans
655 1921 693 1957 p.
729 1909 775 1945 81
809 1907 939 1956 „quod
980 1911 1018 1944 et
1057 1904 1181 1943 bibit“
1223 1907 1354 1943 habet.
1443 1905 1549 1943 Idem
1582 1920 1621 1956 p.

135 1979 215 2016 484
245 1978 372 2027 „quod
405 1976 568 2022 abibit·‘,
603 1978 667 2013 ubi
693 1969 869 2024 exempla
896 1975 1009 2013 affert
1032 1976 1164 2012 formae
1189 1972 1346 2022 sumpti
1369 1987 1441 2024 pro
1470 1987 1625 2024 „sump-

134 2045 239 2090 tus“,
279 2046 326 2083 cf.
358 2045 476 2090 Neue,
509 2044 704 2082 Formeul.
735 2045 752 2080 Ι
784 2057 822 2093 p.
852 2045 930 2081 352
959 2057 1015 2092 sq.
1048 2063 1102 2068 —
1135 2044 1226 2081 251.
1261 2037 1438 2088 familia.
1495 2041 1621 2079 Etiam

136 2116 174 2151 in
205 2114 379 2151 Terentii
412 2113 857 2149 Heautontimorumeno
890 2113 1013 2148 amica
1043 2113 1152 2148 venit
1184 2125 1268 2148 cum
1296 2122 1437 2158 magna
1464 2111 1623 2156 familia,

136 2196 170 2220 V.
205 2185 297 2229 751,
331 2183 424 2228 739,
458 2182 551 2218 744.
593 2199 646 2205 -
688 2181 778 2217 252.
829 2175 1066 2228 Uesti-Spica
1097 2181 1147 2225 A,
1197 2180 1242 2216 cf.
1283 2179 1433 2216 Nonius
1471 2193 1508 2229 p.
1555 2180 1624 2216 12:

140 2250 372 2301 „Vestispici
403 2249 707 2299 appellabantur
745 2250 914 2286 vestium
948 2248 1128 2285 custodes
1160 2249 1260 2285 servi
1293 2247 1396 2296 quod
1427 2247 1625 2296 frequenti

138 2319 340 2368 diligentia
384 2320 504 2355 vestis
549 2319 769 2366 inspiciant.
864 2315 1027 2353 Plautus
1068 2316 1295 2352 Trinummo
1335 2310 1387 2364 (v.
1432 2317 1507 2352 251
1551 2328 1622 2364 sq„

136 2388 175 2424 in
202 2401 278 2436 quo
307 2383 555 2436 „vestispici“
590 2383 714 2434 legit),
746 2384 930 2421 Afranius
949 2383 1134 2433 Vopisco:
1169 2383 1270 2421 Noui
1294 2396 1370 2420 non
1401 2383 1623 2420 inscitulam

137 2456 383 2504 ancillulam,
430 2458 585 2492 nostrae
623 2453 685 2490 hic
724 2465 812 2490 erae
850 2453 1116 2501 uestispicam.
1195 2451 1317 2488 Varro
1348 2451 1504 2502 Pappo:

138 2524 404 2573 uestispicam,
451 2523 557 2571 quod
595 2526 742 2558 uestem
782 2518 962 2568 spiciat“.
1010 2519 1056 2556 cf.
1089 2519 1244 2556 Reines.
1286 2519 1407 2556 Inscr.
1439 2518 1514 2564 XI,
1549 2520 1622 2556 95:

141 2591 417 2639 „Philodamus
463 2589 503 2628 C.
546 2590 693 2638 Sulpici
733 2586 918 2637 vestisp.“
998 2586 1101 2625 C.'I.
1134 2587 1177 2624 L.
1212 2588 1339 2624 9912:
1391 2588 1625 2635 „vestispica

136 2659 294 2697 fratri“.
354 2659 398 2696 R.
436 2654 742 2707 „Vestiplicam“
787 2656 867 2703 ed.,
919 2668 1004 2705 quae
1041 2656 1239 2692 invenitur
1269 2656 1308 2691 in
1339 2655 1554 2704 glossariis-³.
1587 2669 1622 2692 v.

138 2726 265 2766 Loew.
293 2729 392 2765 Ann.
418 2727 513 2776 phil.
547 2725 632 2763 CXI
664 2738 701 2774 p.
730 2726 821 2762 534.
883 2723 1013 2769 Quint.
1047 2723 1154 2760 Decl.
1191 2723 1283 2761 363.
1345 2722 1384 2759 C.
1418 2722 1447 2759 1.
1481 2722 1524 2759 L.
1558 2721 1622 2767 VI,

139 2797 259 2834 7301.
293 2796 415 2833 9901.
450 2795 571 2832 9981.
617 2792 684 2839 IX,
721 2793 842 2830 3318.
889 2792 935 2829 cf.
969 2791 1051 2829 Mil.
1086 2792 1187 2829 696:
1235 2786 1541 2840 „plicatricem“.
1568 2808 1624 2813 —
1654 2786 1658 2790 ’
