2009 3218
120 137 168 181 11,
192 139 223 178 4,
249 138 384 172 55—70
744 134 1003 170 Truculentns.
1526 136 1607 174 367

701 259 1028 302 Diniarohus

734 331 770 374 Ο
803 332 955 373 mercis
986 331 1149 373 malae!

122 408 228 450 Eum
260 420 373 449 nune
403 419 486 447 non
517 403 594 446 illa
624 404 807 458 peperit,
838 417 950 457 quae
984 404 1150 457 peperit
1181 403 1311 456 prior,

123 479 206 522 Sed
240 484 286 521 tu
319 477 545 532 posterior.

602 609 608 615 ⁶
688 554 1039 596 Phronesium

612 627 773 670 Ordine
804 640 973 669 omnem
1004 640 1093 668 rem
1125 630 1261 668 tenes.

123 703 248 745 Nunc
278 707 327 744 ut
359 701 584 756 praemisit
614 700 812 741 nuntium
845 698 966 742 miles
998 697 1116 749 mihi,

124 775 220 817 Non
253 774 386 816 multo
419 777 516 827 post
546 772 616 814 hic
647 771 799 814 aderit.

703 849 1028 893 Diniarchus

860 921 984 964 Nune
1015 928 1062 964 tu
1094 925 1136 963 te
1169 921 1342 962 interim
1546 933 1614 966 410

130 999 262 1050 Quasi
293 1012 371 1053 pro
403 1009 613 1051 puerpera
642 994 712 1037 hic
744 995 979 1049 procuras?

690 1074 1043 1116 Phronesium

1028 1144 1265 1200 Quippini‘?

128 1222 212 1273 Ubi
244 1223 335 1264 sine
366 1220 517 1263 labore
548 1234 618 1262 res
649 1219 739 1273 geri
770 1217 917 1273 pulcre
948 1221 1106 1272 potest.

128 1295 190 1337 Ad
224 1308 346 1337 suum
378 1306 592 1348 quemque
624 1305 808 1345 aequom
839 1295 906 1332 est
936 1304 1028 1332 esse
1061 1293 1290 1345 quaestum
1322 1288 1537 1331 callidum.

705 1369 1033 1412 Diniarchus

129 1445 240 1497 Quid
274 1460 337 1488 me
367 1444 560 1487 futurum
592 1447 670 1494 est,
703 1443 878 1498 quando
910 1442 1032 1485 miles
1063 1441 1261 1484 uenerit?

131 1518 381 1560 Relictusne
413 1516 493 1559 abs
525 1520 568 1558 te
598 1515 774 1558 uiuam?

695 1595 1049 1637 Phronesium

826 1667 911 1710 Ubi
940 1667 1047 1709 illud
1080 1666 1196 1722 quod
1229 1665 1328 1708 uolo
1551 1675 1621 1708 415

130 1740 311 1783 Habebo
344 1739 397 1782 ab
429 1740 517 1791 illo,
549 1739 674 1782 facile
705 1740 924 1782 inueniam
956 1753 1041 1794 quo
1072 1738 1200 1781 modo

133 1813 375 1855 Diuortium
408 1817 451 1854 et
482 1812 741 1854 discordiam.
772 1812 886 1854 inter
915 1826 995 1854 nos
1027 1825 1199 1865 parem3

131 1885 280 1928 Postid
312 1899 390 1938 ego
422 1890 580 1935 tecum,
613 1897 709 1926 mea
739 1884 954 1938 uoluptas,
985 1897 1123 1938 usque
1154 1896 1228 1924 ero

132 1957 338 2000 Adsiduo.

711 2027 747 2069 D
758 2028 771 2070 i
782 2029 833 2070 ni
845 2043 870 2071 a
878 2043 899 2070 r
909 2041 931 2070 c
941 2028 969 2070 h
979 2043 1007 2070 u
1019 2042 1037 2070 s

380 2101 527 2143 -Immo
558 2099 702 2142 hercle
734 2114 838 2142 uero
869 2099 1067 2143 adcubuo
1098 2098 1314 2142 mauelim.

697 2183 729 2225 P
739 2183 768 2225 h
777 2197 799 2224 r
809 2197 833 2226 o
845 2199 872 2225 n
884 2198 906 2226 e
918 2198 937 2226 s
948 2184 961 2225 i
973 2198 999 2225 u
1010 2198 1051 2226 m

134 2258 210 2301 Dis
241 2257 370 2300 hodie
402 2256 660 2299 sacruficare
693 2270 770 2309 pro
802 2270 935 2311 puero
966 2256 1080 2307 uolo,
1557 2265 1625 2298 420

138 2329 298 2380 Quinto
331 2329 401 2371 die
432 2329 547 2384 quod
579 2328 672 2370 fieri
704 2333 888 2382 oportet.

250 2490 316 2522 406
343 2499 363 2522 o
388 2497 455 2522 om.
470 2487 500 2522 C
587 2487 681 2521 male
775 2487 842 2519 407
866 2486 987 2530 patior
1078 2486 1142 2520 408
1166 2486 1262 2521 tenis
1286 2484 1322 2520 Β
1413 2485 1480 2519 409
1503 2484 1623 2518 milles

137 2546 206 2580 410
227 2545 296 2580 hec
320 2545 365 2588 B,
390 2544 472 2578 haec
499 2544 529 2580 Ο
627 2546 693 2578 411
721 2554 835 2587 puera
941 2545 1136 2586 procui-ast
1238 2544 1305 2577 412
1328 2542 1453 2577 lauore
1478 2541 1512 2575 B

138 2601 255 2646 pulcri
379 2602 445 2636 413
470 2601 610 2636 Adsum
729 2604 921 2644 quac-stum
948 2611 1029 2633 esse
1142 2601 1209 2634 414
1233 2599 1382 2634 futur-un
1408 2597 1444 2633 Β
1559 2599 1625 2632 416

137 2658 288 2693 inuenio
312 2657 349 2692 Β
450 2660 518 2692 417
542 2657 729 2692 discordia
833 2657 900 2690 418
925 2655 1015 2690 Post
1038 2656 1100 2690 ida
1123 2655 1159 2691 B
1261 2667 1332 2701 ego
1356 2659 1476 2690 totum
1501 2658 1624 2689 tecum

231 2715 404 2750 uoluntas
491 2726 578 2750 aero
668 2716 735 2748 420
759 2713 853 2756 Quin
879 2712 937 2747 his
1018 2711 1237 2748 sacruficare
1327 2714 1388 2747 421
1419 2711 1497 2746 fleri
1523 2715 1626 2756 optet
