2009 3218
717 194 756 228 v.
784 195 972 231 578—636.
1508 201 1588 240 485

112 325 228 371 Reiz,
262 321 308 360 cf.
341 320 492 370 Proleg.
524 335 562 371 p.
598 323 691 359 215.
727 341 774 347 —-
811 325 902 360 617.
944 321 1047 361 mihi
1078 322 1244 373 expedi,
1287 328 1333 363 cf.
1368 326 1416 363 ad
1448 328 1588 378 Amph.

116 393 230 433 1097.
261 409 314 415 -
345 390 437 426 618.
472 389 669 427 Lacunam
702 390 854 439 explevi
887 395 929 427 ut.
963 392 1129 439 Reizius,
1164 395 1207 431 cs.
1238 395 1329 431 027.
1356 414 1410 419 —-
1444 392 1588 445 Teque.

111 460 286 499 Fortasse
322 454 497 503 „tecum“
533 457 798 503 scribendum,
839 462 881 495 ut
922 460 1098 497 Mueller.
1132 461 1293 499 Nachtr.
1326 476 1363 512 p.
1402 464 1498 508 115,
1542 464 1588 500 cf.

112 528 158 567 ad
186 527 290 565 Asin.
325 526 417 562 655.
449 545 502 550 -
536 526 629 563 619.
661 523 784 574 sirpe,
820 529 974 574 σίλφιον,
1008 528 1112 577 quod
1146 529 1308 566 Romani
1340 532 1456 567 etiam
1489 531 1589 569 laser

112 601 149 634 ot
177 590 436 643 laserpicium
467 593 660 640 dicebant,
692 607 725 630 v.
760 594 808 630 ad
840 594 980 632 Pseud.
1018 596 1109 643 820,
1141 598 1465 645 pretiosissimum
1497 611 1585 635 con-

111 664 333 710 dimentum,
365 661 467 710 quod
500 675 616 711 quum
649 664 686 699 in
718 663 799 699 sola
825 663 906 700 fere
933 663 1145 712 Cyrenaica
1169 666 1395 713 gigneretur
1419 666 1588 716 indeque

110 735 149 771 in
178 743 308 769 omnes
338 734 462 767 terras
502 734 791 779 exportaretur,
838 733 1044 782 praecipuae
1084 734 1165 769 eius
1196 732 1345 770 divitiae
1378 739 1501 771 erant.
1536 754 1589 759 —

114 801 200 841 620.
231 794 351 845 Eam,
394 798 488 846 eius,
529 797 576 835 cf.
610 799 688 836 895
726 797 858 846 „has“.
892 820 944 824 —
985 800 1244 849 mentm-am,
1284 800 1332 837 ad
1363 801 1490 838 locum
1523 803 1588 839 de-

111 870 290 908 stinatum
321 869 536 904 venturam.
556 886 602 891 —
630 876 874 916 „exayoyem
909 865 1171 906 evectionem“
1199 867 1303 906 Fest.
1330 869 1436 918 Epit.
1463 884 1499 920 p.
1521 870 1584 918 80,

112 938 157 976 ci.
187 935 340 974 Trucul.
374 935 464 972 706.
502 935 591 972 547.
625 955 679 960 —
726 930 886 984 Capua,
925 936 1219 985 opulentissima
1252 936 1376 974 Italiae
1406 938 1518 984 urbs,
1553 952 1585 975 v.

111 1005 184 1044 Cic.
214 1005 352 1054 Agrar.
376 1002 423 1049 H,
457 1007 678 1040 mercatura
709 1003 874 1041 florebat
905 1004 1075 1042 nondum
1107 1004 1251 1042 adultis
1284 1004 1467 1051 Puteolis,
1500 1019 1586 1054 quae

112 1086 209 1113 anno
242 1073 317 1111 194
350 1071 502 1109 demum
542 1071 694 1110 colonia
732 1072 872 1109 civium
913 1072 1177 1111 Romanorum
1216 1073 1386 1110 deducta
1425 1079 1502 1120 est,
1550 1087 1583 1111 v.

112 1142 194 1181 Liv.
223 1139 400 1186 XXXIV,
433 1140 497 1177 45.
523 1158 577 1164 —
610 1142 702 1177 621.
737 1138 884 1190 Atque,
917 1145 955 1178 et
986 1142 1154 1190 quidem,
1187 1156 1224 1179 v.
1251 1141 1300 1179 ad
1324 1141 1464 1192 Amph.
1492 1143 1583 1179 278.

112 1210 171 1257 ut,
201 1211 224 1247 i.
257 1222 287 1246 e.
320 1209 375 1246 ita
404 1212 460 1246 ut.
522 1205 776 1258 lippitudine
806 1209 986 1246 laborare
1024 1209 1234 1260 AEgyptios
1276 1214 1315 1247 et
1345 1209 1586 1258 Cyrenenses

111 1283 241 1317 notum
276 1282 345 1315 est.
387 1296 440 1302 —
481 1276 572 1315 622.
614 1274 888 1327 mayyclarim,
930 1291 965 1315 v.
999 1277 1194 1328 Theophr.
1229 1277 1328 1316 Hist.
1360 1277 1484 1328 plant.
1518 1277 1583 1325 VI,

112 1348 153 1395 3,
191 1346 234 1394 4,
273 1347 338 1396 qui
375 1345 480 1382 locus
521 1358 638 1394 quum
676 1345 814 1383 lacuna
858 1345 1027 1393 laboret,
1075 1345 1258 1383 afferatur
1302 1346 1428 1384 versio
1466 1345 1584 1383 Plinii

110 1415 156 1453 H.
171 1415 216 1452 N.
234 1413 338 1460 XIX,
372 1415 442 1451 45:
481 1414 583 1461 „Alii
616 1414 790 1461 tradunt,
823 1414 1019 1463 laserpicii
1050 1414 1219 1452 radicem
1249 1414 1367 1453 fuisse
1397 1416 1583 1452 maiorem

110 1483 284 1530 cubitali,
329 1481 520 1531 tuberque
560 1483 598 1520 in
637 1495 683 1520 ea
720 1495 838 1531 supra
875 1487 1033 1520 terram.
1111 1483 1192 1521 Hoc
1229 1483 1352 1521 inciso
1389 1482 1584 1533 profluere

39 1585 46 1589 .
111 1552 263 1590 solitum
307 1563 440 1589 sucum
478 1564 545 1588 ceu
583 1551 715 1599 lactis,
764 1555 976 1600 supernato
1016 1552 1142 1598 caule,
1190 1565 1304 1601 quem
1343 1551 1583 1601 magydarim

110 1623 311 1668 vocarunt3
343 1620 436 1658 folia
466 1621 575 1657 aurei
606 1620 746 1658 coloris
776 1633 848 1670 pro
880 1620 1024 1658 semine
1055 1620 1186 1668 fuisse,
1219 1620 1398 1658 cadentia
1429 1633 1450 1657 a
1480 1622 1585 1657 canis

109 1691 192 1726 ortu
214 1692 345 1726 austro
371 1687 506 1734 flante;
539 1702 586 1725 ex
609 1688 669 1725 his
693 1689 943 1739 laserpicium
967 1689 1072 1726 nasci
1089 1689 1248 1726 solitum
1265 1701 1392 1726 annuo
1410 1685 1582 1737 spatio“.

110 1776 162 1782 —
190 1757 280 1795 623.
317 1754 415 1794 dare
445 1766 609 1804 operam
638 1753 751 1803 mihi,
786 1757 932 1802 audire,
974 1757 1019 1794 cf.
1055 1758 1147 1794 636.
1182 1757 1228 1794 ad
1262 1757 1368 1794 Asin.
1403 1757 1497 1794 446.
1533 1775 1580 1781 --

112 1826 199 1864 624.
237 1824 438 1862 Daemones
469 1824 698 1873 ambagibus
730 1825 934 1863 inutilibus
963 1825 1201 1874 indignatur.
1263 1834 1346 1873 per
1386 1834 1507 1863 crura
1548 1824 1587 1862 et

112 1888 214 1931 talos
244 1892 490 1944 teryumque,
523 1906 608 1943 quae
639 1894 738 1930 male
770 1894 975 1931 mulcanda
1007 1898 1137 1938 erunt,
1171 1894 1218 1931 cf.
1254 1894 1372 1931 1046.
1408 1913 1453 1917 —
1489 1894 1584 1931 625.

120 1956 171 2000 Ut
196 1960 394 1999 Acidalius
431 1962 471 1999 in
506 1960 596 2009 „Si“
631 1963 827 2008 mutabat3
873 1962 966 2000 mihi
1004 1963 1086 1999 veri
1117 1962 1282 2000 similius
1319 1962 1496 2009 videtur,
1544 1957 1585 1999 si

110 2032 198 2079 post
244 2027 362 2077 „tibi“
413 2031 622 2076 excidisse;
669 2031 714 2068 ut
758 2032 950 2080 repetitur
995 2034 1038 2067 ut
1084 2030 1215 2068 Aulul.
1265 2031 1363 2076 786,
1414 2045 1450 2068 v.
1496 2043 1583 2067 ann.

112 2095 381 2136 conjunctivus
418 2108 558 2147 speres
601 2101 666 2135 vix
707 2104 921 2136 ceterorum
961 2100 1198 2136 attractione
1239 2098 1396 2136 defendi
1433 2101 1585 2147 potest3

111 2164 211 2204 Brix.
240 2166 341 2204 Anu.
372 2167 466 2218 phil.
500 2167 662 2205 CXXXI
692 2181 729 2217 p.
766 2168 843 2206 205
881 2165 1060 2217 „speras“
1096 2167 1275 2216 postulat
1305 2171 1348 2203 ut
1380 2167 1473 2205 618.
1534 2165 1587 2204 Ut

111 2232 309 2273 Trachalio
338 2235 497 2273 uberem
530 2236 726 2285 laserpicii
758 2248 920 2272 messem
951 2235 1127 2272 Daemoni
1166 2239 1390 2284 optaverat,
1435 2235 1490 2271 ita
1525 2234 1586 2270 hic

112 2301 166 2340 illi
199 2303 404 2341 verberum
444 2305 503 2341 vel
542 2305 751 2354 virgarum.
827 2303 935 2341 Hanc
973 2316 1076 2341 nova
1113 2316 1226 2351 voce,
1271 2307 1315 2340 ut
1343 2304 1424 2340 vini
1454 2303 1588 2340 messis

112 2371 298 2409 vindemia
329 2372 484 2421 dicitur,
519 2375 575 2410 ita
603 2369 896 2422 uiryz'clemiam
926 2371 1118 2422 appellat,
1152 2375 1190 2408 et
1219 2367 1395 2409 ulmeam
1417 2371 1587 2421 quidem,

113 2441 199 2489 quia
234 2440 372 2478 ulmeis
410 2442 530 2489 virgis
569 2441 684 2490 vulgo
724 2441 957 2487 utebantur,
1002 2454 1036 2477 v.
1070 2440 1120 2477 ad
1149 2439 1289 2490 Amph.
1327 2440 1444 2477 1022.
1520 2439 1586 2476 Ce-

113 2509 233 2545 terum
274 2509 422 2546 arridet
459 2509 718 2547 Fleckeisenii
760 2508 981 2546 emendatio
1022 2521 1094 2558 pro
1132 2503 1296 2546 uberem
1336 2518 1426 2546 esse
1460 2507 1586 2554 „sutu-

112 2576 212 2612 nm“
247 2578 470 2625 scribentis,
517 2578 632 2616 modo
673 2591 719 2614 ne
760 2589 845 2614 cum
883 2576 1075 2614 Muellero
1122 2575 1251 2624 „esse“
1287 2577 1327 2613 in
1365 2578 1586 2626 proximum

113 2653 260 2682 versum
290 2646 514 2693 transferas,
546 2646 613 2684 ubi
645 2647 773 2683 hiatus
799 2650 887 2695 post
915 2643 1062 2691 „anno“
1092 2645 1290 2692 legitimus
1316 2648 1384 2681 est.
1410 2662 1466 2669 -
1491 2645 1584 2682 628.

115 2710 247 2760 aptam·
277 2713 381 2751 Reiz.
420 2734 475 2739 -—
516 2715 607 2752 630.
638 2714 910 2763 praeitortere
940 2713 1122 2760 Turneb.,
1154 2714 1202 2751 cf.
1236 2713 1346 2762 Capt.
1384 2713 1500 2750 1021.
1536 2731 1583 2737 -

115 2778 204 2818 635.
247 2779 394 2821 audeat
436 2778 596 2820 uiolare
635 2783 812 2831 Pyladea.
852 2801 907 2806 —
946 2783 1037 2820 636.
1077 2779 1134 2828 is,
1182 2783 1204 2819 i.
1239 2796 1269 2819 e.
1304 2783 1370 2827 iis,
1418 2794 1451 2817 V.
1496 2781 1585 2818 184.
