2009 3218
106 265 166 308 lv,
192 267 223 302 3.
248 263 384 298 29—45
790 260 908 294 Persa.
1546 260 1598 298 47

717 385 822 426 Dor
837 386 893 426 dr!
907 385 954 425 lu
967 399 987 423 s·

107 461 218 512 Quid
251 461 361 502 istac
394 463 575 501 narrant
587 459 605 500 ?

743 553 963 594 Toxilus·

545 626 811 668 Percontare
844 639 895 666 ex
927 625 1053 679 ipsis;
1084 625 1204 678 ipsae
1237 624 1316 665 tibi
1350 624 1602 666 narrabunt.

720 727 994 769 Dordalus

110 802 226 844 Cedo
258 815 360 843 sane
393 800 510 843 mihi.

747 888 970 929 Toxilus

410 962 464 1002 At
496 961 610 1002 clare
642 961 839 1003 recitato.

723 1075 768 1117 D
779 1089 801 1116 0
810 1090 832 1116 r
843 1075 870 1116 cl
880 1088 903 1117 a
914 1075 963 1116 lu
972 1089 994 1114 ,e

711 1147 823 1190 Tace
855 1147 955 1189 dum
987 1146 1169 1201 pellego.

752 1261 938 1303 Toxilu
953 1275 973 1299 s

1064 1331 1193 1374 Haud
1224 1330 1407 1373 uerbum
1438 1331 1608 1372 faciam.

728 1436 999 1479 Dordalus·

238 1509 453 1557 „Salutem
486 1509 591 1551 dicit
622 1509 774 1551 Toxilo
806 1507 1105 1550 Timarchides

236 1581 289 1623 Et
320 1581 510 1623 familiae
543 1583 669 1623 omni.
733 1580 776 1622 Si
808 1580 980 1624 ualetis,
1012 1579 1204 1634 gaudeo:
1547 1590 1614 1621 500

238 1653 325 1706 Ego
357 1654 481 1695 ualeo
513 1658 630 1695 recte
663 1659 706 1695 et
733 1667 823 1695 rem
855 1666 956 1706 gero
990 1656 1032 1694 et
1063 1651 1175 1693 facio
1208 1651 1390 1694 lucrum.

237 1724 383 1779 Neque
415 1727 525 1767 istoc
556 1725 698 1767 redire
730 1725 796 1767 his
829 1728 925 1766 octo
958 1738 1133 1778 possum
1164 1723 1399 1766 mensibus.

237 1796 387 1851 Itaque
419 1797 489 1838 hic
521 1803 599 1842 est.
630 1797 745 1850 quod
779 1811 844 1839 me
878 1797 1055 1845 detinet,
1088 1797 1322 1850 negotium.

236 1868 534 1924 Chrysopolim
568 1869 726 1911 Persae
759 1883 913 1924 cepere
946 1869 1096 1910 urbem
1127 1870 1170 1910 in
1204 1868 1366 1910 Arabia

223 1927 413 1982 'Plenam
446 1941 656 1983 bonarum
688 1955 832 1983 rerum
864 1946 994 1996 atque
1027 1942 1250 1995 antiquom
1285 1939 1511 1994 oppidum;
1548 1951 1615 1984 505

238 2014 301 2056 Ea
331 2019 629 2068 comportatur
660 2014 834 2068 praeda,
865 2018 914 2055 ut
943 2014 1020 2055 fiat
1052 2014 1198 2055 auctio

237 2085 498 2133 Publicitus;
532 2100 582 2127 ea
614 2100 681 2128 res
714 2100 779 2127 me
812 2086 938 2128 domo
971 2092 1193 2140 expertem
1223 2084 1340 2127 facit.

237 2159 423 2212 Operam
456 2163 587 2210 atque
621 2158 850 2211 hospitium
883 2173 961 2212 ego
992 2159 1066 2200 isti
1099 2158 1345 2212 praehiberi
1378 2156 1491 2198 uol0.

238 2229 318 2279 Qui
350 2229 431 2271 tibi
464 2229 649 2271 tabellas
683 2230 835 2272 adfert.
898 2229 1025 2281 Cura,
1059 2244 1168 2284 quae
1201 2231 1237 2272 is
1268 2229 1410 2280 uolet3

239 2301 347 2343 Nam
374 2303 411 2342 is
437 2302 539 2343 mihi
566 2302 750 2344 honores
773 2317 876 2345 suae
903 2303 1018 2344 domi
1043 2302 1197 2344 habuit
1223 2304 1485 2344 maxumos.“
1550 2313 1617 2346 510

125 2373 236 2424 Quid
267 2373 310 2415 id
344 2374 399 2415 ad
431 2388 496 2415 me
519 2381 596 2415 aut
621 2374 676 2415 ad
704 2389 841 2417 meam
865 2389 955 2417 rem
980 2375 1127 2425 refert,
1158 2375 1314 2417 Persae
1342 2373 1448 2428 quid
1472 2388 1616 2415 rerum

1074 2452 1240 2500 gerant.

125 2519 211 2559 Aut
242 2517 346 2570 quid
378 2532 476 2559 erus
507 2520 640 2560 tuus?
1211 2517 1215 2521 ’

239 2677 306 2710 497
330 2680 571 2720 percunctare
596 2676 663 2711 BC
749 2679 826 2722 ipse
852 2677 886 2711 B
967 2679 1033 2713 498
1058 2678 1161 2713 caedo
1190 2678 1218 2713 C
1303 2679 1437 2724 pellico
1465 2678 1531 2713 BC

151 2760 179 2766 ..
195 2738 210 2766 t
234 2734 306 2768 hau
333 2735 364 2767 A
487 2735 554 2768 500
580 2734 746 2767 sui-aletis
771 2734 806 2768 B
927 2736 993 2770 502
1019 2736 1090 2770 isto
1116 2735 1270 2769 reddere
1297 2735 1363 2770 BC
1477 2739 1558 2769 osto
1585 2735 1619 2769 R

127 2791 193 2824 504
218 2790 463 2835 Chrysopolin
492 2790 535 2831 A,
562 2791 798 2835 Cleusipolim
825 2791 890 2826 BG
988 2804 1091 2837 perse
1118 2803 1276 2837 coepere
1303 2792 1331 2827 C
1434 2794 1498 2827 506
1524 2804 1618 2826 corn-

128 2850 282 2891 paratur
308 2847 375 2881 BC
464 2859 552 2892 prae
578 2847 613 2881 R
707 2849 772 2881 507
798 2847 986 2883 Pollicitus
1014 2848 1042 2883 C
1132 2850 1197 2883 509
1223 2848 1331 2884 offert
1360 2851 1391 2883 A
