2009 3218
370 231 394 267 8
1050 224 1168 258 Plauti
1609 221 1635 264 Ι,
1664 223 1691 259 1,
1716 219 1848 252 26—35

1005 347 1224 388 Toxilus

371 421 479 470 Quid
513 435 589 473 ego
622 419 804 462 faciam?
852 420 997 460 ‹leisne
1037 419 1243 460 adum-ser
1282 419 1405 473 quasi
1436 418 1612 458 Titani?
1659 431 1751 458 cum
1792 417 1852 458 eis

1316 489 1415 531 belli
1451 503 1580 536 erem,

372 549 535 599 Quibus
569 553 636 590 sat
667 562 760 590 esse
791 562 876 589 non
908 547 1090 601 queam?
1422 503 1447 542 g

963 633 1029 675 Sa
1073 634 1269 674 aristio

373 706 479 747 Vide
511 706 649 756 modo,
680 706 846 747 ulmeae
878 647 1126 757 catapulytae
1157 709 1280 746 tuum
1313 719 1365 745 ne
1398 703 1656 756 transfigant
1689 703 1815 744 latus.

1007 791 1222 832 Toxilus

370 862 559 904 Basilice
591 864 708 916 agito
741 863 1003 904 Eleutheria.

964 948 1274 1001 Sayarz'stio

373 1005 482 1056 Quid
514 1006 630 1047 iam?

1011 1075 1232 1117 Toaez'lus

543 1149 654 1198 Quia
684 1163 784 1189 erus
816 1149 985 1202 peregri
1016 1152 1091 1188 est.

956 1234 1268 1287 Sayarsstio

915 1307 993 1347 Ain
1024 1307 1103 1348 tu‘?
1136 1307 1302 1360 peregri
1336 1306 1431 1347 est‘?

1001 1393 1223 1434 Toxilus

1286 1465 1329 1506 Si
1360 1470 1407 1505 tu
1438 1464 1518 1505 tibi
1549 1463 1656 1506 bene
1689 1477 1784 1505 esse
1815 1475 1860 1508 30

373 1536 478 1577 Pote
512 1537 613 1589 pati,
647 1537 762 1586 ueni3
796 1537 918 1578 uiues
954 1550 1136 1586 mecumz,
1171 1536 1351 1578 basilico
1383 1536 1594 1590 accipiere
1625 1536 1756 1577 uictu.

726 1668 730 1672 ⁴
963 1623 1267 1676 Sagaristio

374 1693 479 1746 Uah,
510 1695 594 1735 iam
629 1695 832 1748 scapulae
864 1696 1078 1748 pruriunt.
1112 1696 1213 1748 quia
1243 1699 1286 1736 te
1319 1695 1454 1736 istaec
1487 1693 1633 1736 audiui
1664 1693 1798 1748 loqui.

1010 1782 1225 1822 Toxilus

374 1853 456 1894 Sed
487 1853 570 1895 hoc
600 1868 666 1895 me
698 1868 827 1895 unum
860 1855 1088 1895 excruciat.

964 1940 1266 1993 Samaristio

1151 2012 1261 2062 Quid
1293 2026 1389 2052 nau]
1422 2012 1464 2052 id
1498 2011 1591 2052 est?

1009 2095 1232 2136 Tooeilus

376 2166 491 2207 Haec
523 2166 615 2207 dies
648 2181 815 2208 summa
846 2167 973 2208 hodie
1008 2173 1084 2212 est,
1118 2181 1209 2207 mea
1243 2168 1380 2207 amica
1411 2167 1521 2207 sitne
1553 2165 1701 2215 libera,

373 2239 436 2278 An
472 2239 773 2291 sempiternam
807 2239 1060 2279 seruitutem
1093 2239 1266 2279 seruiat.

966 2324 1272 2377 Samio-imo

1273 2396 1382 2446 Quid
1414 2410 1526 2438 nunc
1557 2397 1622 2438 uis
1653 2396 1784 2449 ergo‘?
1814 2408 1857 2441 35

485 2555 527 2587 26
555 2565 642 2597 ergo
671 2553 735 2587 BC
804 2554 906 2588 disne
934 2553 1090 2588 aduorse
1117 2553 1181 2588 BG
1249 2555 1394 2597 quasita
1419 2555 1476 2587 ani
1505 2553 1534 2588 O
1607 2565 1687 2588 cum
1714 2553 1769 2588 dis
1795 2553 1861 2589 BG

372 2611 415 2644 27
441 2621 501 2644 ese
527 2609 562 2644 B
751 2612 793 2643 28
818 2614 857 2644 ut
881 2621 983 2644 meae
1009 2613 1204 2654 cataputae
1230 2610 1297 2645 BC
1474 2611 1798 2655 transfagandatus
1824 2611 1858 2645 B

373 2668 417 2701 30
441 2677 593 2710 peregre
618 2671 766 2711 utroque
786 2668 862 2701 loco
935 2666 1040 2700 Sicut
1065 2670 1102 2700 et,
1127 2667 1194 2700 tibi
1221 2667 1260 2705 Β,
1289 2669 1343 2701 Sit
1369 2673 1408 2701 ut,
1432 2667 1498 2701 tibi
1521 2668 1549 2702 C
1617 2669 1654 2701 31
1685 2679 1804 2701 meum
1822 2666 1856 2700 B

487 2723 655 2766 accipere
683 2724 711 2757 G
846 2726 888 2757 32
914 2723 1065 2758 Uaiham
1093 2723 1128 2756 Β
1263 2727 1303 2758 33
1330 2737 1447 2758 meum
1474 2726 1704 2759 amexorucia
1728 2723 1772 2764 B.
1800 2735 1856 2757 me

376 2791 486 2815 unum
512 2779 677 2813 exui-ntia
706 2780 733 2813 (ἴ
823 2781 864 2813 34
891 2779 988 2814 Haec
1015 2779 1059 2814 de
1086 2791 1226 2814 summa
