<?xml version="1.0" encoding="UTF-8"?>
<!DOCTYPE html PUBLIC "-//W3C//DTD XHTML 1.0 Transitional//EN"
    "http://www.w3.org/TR/xhtml1/DTD/xhtml1-transitional.dtd">
<html xmlns="http://www.w3.org/1999/xhtml" xml:lang="en" lang="en">
 <head>
  <title>
</title>
<meta http-equiv="Content-Type" content="text/html;charset=utf-8" />
  <meta name='ocr-system' content='tesseract 3.04.00' />
  <meta name='ocr-capabilities' content='ocr_page ocr_carea ocr_par ocr_line ocrx_word'/>
</head>
<body>
  <div class='ocr_page' id='page_1' title='image "./comoediaerecensu05plauuoft_0371.png"; bbox 0 0 2009 3218; ppageno 0'>
   <div class='ocr_carea' id='block_1_1' title="bbox 156 134 1638 184">
    <p class='ocr_par' dir='ltr' id='par_1_1' title="bbox 156 134 1638 184">
     <span class='ocr_line' id='line_1_1' title="bbox 156 134 1638 184; baseline -0.011 -6"><span class='ocrx_word' id='word_1_1' title='bbox 156 139 206 184; x_wconf 84' lang='lat'><strong>11,</strong></span> <span class='ocrx_word' id='word_1_2' title='bbox 229 139 260 179; x_wconf 74' lang='grc'><strong>4,</strong></span> <span class='ocrx_word' id='word_1_3' title='bbox 285 137 418 172; x_wconf 73' lang='lat'>27—8&#39;7</span> <span class='ocrx_word' id='word_1_4' title='bbox 776 134 1034 171; x_wconf 80' lang='lat' dir='ltr'><strong>Trnculeutue.</strong></span> <span class='ocrx_word' id='word_1_5' title='bbox 1560 142 1638 180; x_wconf 66' lang='lat'><strong>365</strong></span> 
     </span>
    </p>
   </div>
   <div class='ocr_carea' id='block_1_2' title="bbox 152 261 1053 381">
    <p class='ocr_par' dir='ltr' id='par_1_2' title="bbox 152 261 1053 381">
     <span class='ocr_line' id='line_1_2' title="bbox 729 261 1053 304; baseline 0.006 -2"><span class='ocrx_word' id='word_1_6' title='bbox 729 261 1053 304; x_wconf 85' lang='lat' dir='ltr'><strong>Diniarchus</strong></span> 
     </span>
     <span class='ocr_line' id='line_1_3' title="bbox 152 334 499 381; baseline -0.017 0"><span class='ocrx_word' id='word_1_7' title='bbox 152 338 241 381; x_wconf 78' lang='lat' dir='ltr'><strong>Iam</strong></span> <span class='ocrx_word' id='word_1_8' title='bbox 272 335 391 377; x_wconf 84' lang='lat' dir='ltr'><strong>lauta</strong></span> <span class='ocrx_word' id='word_1_9' title='bbox 423 334 499 376; x_wconf 79' lang='lat' dir='ltr'><strong>es?</strong></span> 
     </span>
    </p>
   </div>
   <div class='ocr_carea' id='block_1_3' title="bbox 152 414 1640 918">
    <p class='ocr_par' dir='ltr' id='par_1_3' title="bbox 152 414 1640 918">
     <span class='ocr_line' id='line_1_4' title="bbox 712 414 1063 457; baseline 0.003 -1"><span class='ocrx_word' id='word_1_10' title='bbox 712 414 1063 457; x_wconf 83' lang='lat' dir='ltr'><strong>Phronesium</strong></span> 
     </span>
     <span class='ocr_line' id='line_1_5' title="bbox 562 487 1640 542; baseline 0.002 -13"><span class='ocrx_word' id='word_1_11' title='bbox 562 487 702 529; x_wconf 84' lang='lat' dir='ltr'><strong>Lauta</strong></span> <span class='ocrx_word' id='word_1_12' title='bbox 732 487 836 529; x_wconf 86' lang='lat' dir='ltr'><strong>mihi</strong></span> <span class='ocrx_word' id='word_1_13' title='bbox 869 488 1042 541; x_wconf 84' lang='lat' dir='ltr'><strong>quidem</strong></span> <span class='ocrx_word' id='word_1_14' title='bbox 1076 493 1206 542; x_wconf 78' lang='lat' dir='ltr'><strong>atquo</strong></span> <span class='ocrx_word' id='word_1_15' title='bbox 1239 489 1376 531; x_wconf 83' lang='lat' dir='ltr'><strong>oculis</strong></span> <span class='ocrx_word' id='word_1_16' title='bbox 1410 491 1526 531; x_wconf 78' lang='lat' dir='ltr'><strong>mois.</strong></span> <span class='ocrx_word' id='word_1_17' title='bbox 1574 503 1640 536; x_wconf 85' lang='lat'><strong>375</strong></span> 
     </span>
     <span class='ocr_line' id='line_1_6' title="bbox 152 559 789 606; baseline -0.008 0"><span class='ocrx_word' id='word_1_18' title='bbox 152 563 260 606; x_wconf 89' lang='lat' dir='ltr'><strong>Num</strong></span> <span class='ocrx_word' id='word_1_19' title='bbox 292 561 373 603; x_wconf 83' lang='lat' dir='ltr'>tibi</span> <span class='ocrx_word' id='word_1_20' title='bbox 403 560 577 602; x_wconf 88' lang='lat' dir='ltr'><strong>sordere</strong></span> <span class='ocrx_word' id='word_1_21' title='bbox 608 559 789 601; x_wconf 75' lang='lat' dir='ltr'><strong>uideor?</strong></span> 
     </span>
     <span class='ocr_line' id='line_1_7' title="bbox 729 646 1052 689; baseline 0.006 -2"><span class='ocrx_word' id='word_1_22' title='bbox 729 646 1052 689; x_wconf 75' lang='lat' dir='ltr'><strong>Diniarchus</strong></span> 
     </span>
     <span class='ocr_line' id='line_1_8' title="bbox 833 718 1389 773; baseline 0 -13"><span class='ocrx_word' id='word_1_23' title='bbox 833 718 928 760; x_wconf 92' lang='lat' dir='ltr'><strong>Non</strong></span> <span class='ocrx_word' id='word_1_24' title='bbox 961 719 1032 772; x_wconf 89' lang='lat' dir='ltr'><strong>pol</strong></span> <span class='ocrx_word' id='word_1_25' title='bbox 1065 718 1169 760; x_wconf 91' lang='lat' dir='ltr'><strong>mihi</strong></span> <span class='ocrx_word' id='word_1_26' title='bbox 1202 718 1389 773; x_wconf 88' lang='lat' dir='ltr'><strong>quidem.</strong></span> 
     </span>
     <span class='ocr_line' id='line_1_9' title="bbox 152 790 1451 846; baseline -0.003 -10"><span class='ocrx_word' id='word_1_27' title='bbox 152 793 306 837; x_wconf 86' lang='lat' dir='ltr'>Uerum</span> <span class='ocrx_word' id='word_1_28' title='bbox 339 796 578 846; x_wconf 80' lang='lat' dir='ltr'><strong>tempestas</strong></span> <span class='ocrx_word' id='word_1_29' title='bbox 610 815 663 820; x_wconf 90' lang='lat'>—</span> <span class='ocrx_word' id='word_1_30' title='bbox 696 791 989 833; x_wconf 78' lang='lat' dir='ltr'><strong>meministin?</strong></span> <span class='ocrx_word' id='word_1_31' title='bbox 1019 815 1073 820; x_wconf 81' lang='lat'><strong>—</strong></span> <span class='ocrx_word' id='word_1_32' title='bbox 1105 790 1325 845; x_wconf 89' lang='lat' dir='ltr'><strong>quondam</strong></span> <span class='ocrx_word' id='word_1_33' title='bbox 1356 790 1451 841; x_wconf 75' lang='lat' dir='ltr'><strong>fuit,</strong></span> 
     </span>
     <span class='ocr_line' id='line_1_10' title="bbox 152 862 1315 918; baseline -0.003 -10"><span class='ocrx_word' id='word_1_34' title='bbox 152 865 286 917; x_wconf 86' lang='lat' dir='ltr'><strong>Quom</strong></span> <span class='ocrx_word' id='word_1_35' title='bbox 318 865 430 907; x_wconf 83' lang='lat' dir='ltr'><strong>inter</strong></span> <span class='ocrx_word' id='word_1_36' title='bbox 462 878 540 906; x_wconf 91' lang='lat' dir='ltr'><strong>nos</strong></span> <span class='ocrx_word' id='word_1_37' title='bbox 571 863 855 906; x_wconf 86' lang='lat' dir='ltr'><strong>sordebamus</strong></span> <span class='ocrx_word' id='word_1_38' title='bbox 886 862 996 906; x_wconf 81' lang='lat' dir='ltr'><strong>alter</strong></span> <span class='ocrx_word' id='word_1_39' title='bbox 1028 876 1133 918; x_wconf 86' lang='lat' dir='ltr'><strong>prae</strong></span> <span class='ocrx_word' id='word_1_40' title='bbox 1164 863 1315 905; x_wconf 82' lang='lat' dir='ltr'><strong>altero.</strong></span> 
     </span>
    </p>
   </div>
   <div class='ocr_carea' id='block_1_4' title="bbox 152 935 1640 1062">
    <p class='ocr_par' dir='ltr' id='par_1_4' title="bbox 152 935 1640 1062">
     <span class='ocr_line' id='line_1_11' title="bbox 152 935 1309 992; baseline -0.003 -13"><span class='ocrx_word' id='word_1_41' title='bbox 152 937 232 980; x_wconf 90' lang='lat' dir='ltr'><strong>Sed</strong></span> <span class='ocrx_word' id='word_1_42' title='bbox 266 936 382 992; x_wconf 92' lang='lat' dir='ltr'><strong>quod</strong></span> <span class='ocrx_word' id='word_1_43' title='bbox 414 951 492 990; x_wconf 87' lang='lat' dir='ltr'><strong>ego</strong></span> <span class='ocrx_word' id='word_1_44' title='bbox 524 935 694 978; x_wconf 86' lang='lat' dir='ltr'><strong>facinus</strong></span> <span class='ocrx_word' id='word_1_45' title='bbox 725 935 875 978; x_wconf 87' lang='lat' dir='ltr'><strong>audiui</strong></span> <span class='ocrx_word' id='word_1_46' title='bbox 908 935 1145 978; x_wconf 85' lang='lat' dir='ltr'><strong>adueniens</strong></span> <span class='ocrx_word' id='word_1_47' title='bbox 1176 940 1309 986; x_wconf 83' lang='lat' dir='ltr'><strong>tuum,</strong></span> 
     </span>
     <span class='ocr_line' id='line_1_12' title="bbox 154 1007 1640 1062; baseline -0.001 -10"><span class='ocrx_word' id='word_1_48' title='bbox 154 1008 275 1059; x_wconf 85' lang='lat' dir='ltr'><strong>Quod</strong></span> <span class='ocrx_word' id='word_1_49' title='bbox 308 1013 356 1051; x_wconf 80' lang='lat' dir='ltr'><strong>tu</strong></span> <span class='ocrx_word' id='word_1_50' title='bbox 388 1008 458 1050; x_wconf 89' lang='lat' dir='ltr'><strong>hic</strong></span> <span class='ocrx_word' id='word_1_51' title='bbox 492 1022 555 1050; x_wconf 87' lang='lat' dir='ltr'><strong>me</strong></span> <span class='ocrx_word' id='word_1_52' title='bbox 588 1007 769 1051; x_wconf 84' lang='lat' dir='ltr'><strong>absente</strong></span> <span class='ocrx_word' id='word_1_53' title='bbox 799 1009 899 1050; x_wconf 89' lang='lat' dir='ltr'><strong>noui</strong></span> <span class='ocrx_word' id='word_1_54' title='bbox 932 1009 1080 1061; x_wconf 83' lang='lat' dir='ltr'><strong>negoti</strong></span> <span class='ocrx_word' id='word_1_55' title='bbox 1111 1008 1330 1062; x_wconf 76' lang='lat' dir='ltr'><strong>gesseris?</strong></span> <span class='ocrx_word' id='word_1_56' title='bbox 1573 1018 1640 1051; x_wconf 77' lang='lat'><strong>380</strong></span> 
     </span>
    </p>
   </div>
   <div class='ocr_carea' id='block_1_5' title="bbox 152 1101 1497 1447">
    <p class='ocr_par' dir='ltr' id='par_1_5' title="bbox 152 1101 1497 1447">
     <span class='ocr_line' id='line_1_13' title="bbox 712 1101 1068 1145; baseline 0 -1"><span class='ocrx_word' id='word_1_57' title='bbox 712 1101 1068 1145; x_wconf 86' lang='lat' dir='ltr'><strong>Phronesium</strong></span> 
     </span>
     <span class='ocr_line' id='line_1_14' title="bbox 152 1175 464 1227; baseline 0 -9"><span class='ocrx_word' id='word_1_58' title='bbox 152 1175 263 1227; x_wconf 86' lang='lat' dir='ltr'>Quid</span> <span class='ocrx_word' id='word_1_59' title='bbox 293 1175 337 1218; x_wconf 93' lang='lat' dir='ltr'><strong>id</strong></span> <span class='ocrx_word' id='word_1_60' title='bbox 369 1176 464 1218; x_wconf 80' lang='lat' dir='ltr'><strong>est?</strong></span> 
     </span>
     <span class='ocr_line' id='line_1_15' title="bbox 728 1247 1055 1289; baseline 0 -1"><span class='ocrx_word' id='word_1_61' title='bbox 728 1247 1055 1289; x_wconf 81' lang='lat' dir='ltr'><strong>Diniarchus</strong></span> 
     </span>
     <span class='ocr_line' id='line_1_16' title="bbox 505 1318 1497 1373; baseline -0.001 -13"><span class='ocrx_word' id='word_1_62' title='bbox 505 1319 692 1360; x_wconf 89' lang='lat' dir='ltr'><strong>Primum</strong></span> <span class='ocrx_word' id='word_1_63' title='bbox 726 1319 839 1370; x_wconf 87' lang='lat' dir='ltr'><strong>dum,</strong></span> <span class='ocrx_word' id='word_1_64' title='bbox 871 1333 1000 1373; x_wconf 88' lang='lat' dir='ltr'><strong>quom</strong></span> <span class='ocrx_word' id='word_1_65' title='bbox 1032 1326 1078 1361; x_wconf 88' lang='lat' dir='ltr'><strong>tu</strong></span> <span class='ocrx_word' id='word_1_66' title='bbox 1111 1333 1156 1361; x_wconf 90' lang='lat' dir='ltr'><strong>es</strong></span> <span class='ocrx_word' id='word_1_67' title='bbox 1188 1323 1317 1361; x_wconf 80' lang='lat' dir='ltr'><strong>aucta</strong></span> <span class='ocrx_word' id='word_1_68' title='bbox 1348 1318 1497 1360; x_wconf 85' lang='lat' dir='ltr'><strong>liberis</strong></span> 
     </span>
     <span class='ocr_line' id='line_1_17' title="bbox 153 1391 1194 1447; baseline -0.002 -13"><span class='ocrx_word' id='word_1_69' title='bbox 153 1391 374 1447; x_wconf 89' lang='lat' dir='ltr'><strong>Quomque</strong></span> <span class='ocrx_word' id='word_1_70' title='bbox 406 1392 514 1435; x_wconf 85' lang='lat' dir='ltr'><strong>bene</strong></span> <span class='ocrx_word' id='word_1_71' title='bbox 546 1392 786 1446; x_wconf 81' lang='lat' dir='ltr'><strong>prouenisti</strong></span> <span class='ocrx_word' id='word_1_72' title='bbox 818 1392 954 1442; x_wconf 86' lang='lat' dir='ltr'><strong>salua,</strong></span> <span class='ocrx_word' id='word_1_73' title='bbox 987 1391 1194 1446; x_wconf 80' lang='lat' dir='ltr'><strong>gratulor.</strong></span> 
     </span>
    </p>
   </div>
   <div class='ocr_carea' id='block_1_6' title="bbox 151 1486 1639 1902">
    <p class='ocr_par' dir='ltr' id='par_1_6' title="bbox 151 1486 1639 1902">
     <span class='ocr_line' id='line_1_18' title="bbox 715 1486 1065 1528; baseline 0.003 -1"><span class='ocrx_word' id='word_1_74' title='bbox 715 1486 1065 1528; x_wconf 86' lang='lat' dir='ltr'><strong>Phronesium</strong></span> 
     </span>
     <span class='ocr_line' id='line_1_19' title="bbox 153 1557 1332 1613; baseline -0.001 -13"><span class='ocrx_word' id='word_1_75' title='bbox 153 1557 387 1601; x_wconf 85' lang='lat' dir='ltr'><strong>Concedite</strong></span> <span class='ocrx_word' id='word_1_76' title='bbox 418 1558 518 1601; x_wconf 86' lang='lat' dir='ltr'><strong>hinc</strong></span> <span class='ocrx_word' id='word_1_77' title='bbox 549 1573 627 1601; x_wconf 89' lang='lat' dir='ltr'><strong>uos</strong></span> <span class='ocrx_word' id='word_1_78' title='bbox 657 1559 772 1601; x_wconf 82' lang='lat' dir='ltr'><strong>intro</strong></span> <span class='ocrx_word' id='word_1_79' title='bbox 805 1565 936 1613; x_wconf 81' lang='lat' dir='ltr'><strong>atque</strong></span> <span class='ocrx_word' id='word_1_80' title='bbox 968 1560 1131 1613; x_wconf 81' lang='lat' dir='ltr'><strong>operite</strong></span> <span class='ocrx_word' id='word_1_81' title='bbox 1162 1558 1332 1600; x_wconf 78' lang='lat' dir='ltr'><strong>ostium.</strong></span> 
     </span>
     <span class='ocr_line' id='line_1_20' title="bbox 151 1631 1190 1686; baseline -0.002 -13"><span class='ocrx_word' id='word_1_82' title='bbox 151 1631 214 1673; x_wconf 88' lang='lat' dir='ltr'><strong>Tu</strong></span> <span class='ocrx_word' id='word_1_83' title='bbox 245 1645 357 1673; x_wconf 89' lang='lat' dir='ltr'><strong>nunc</strong></span> <span class='ocrx_word' id='word_1_84' title='bbox 388 1636 609 1686; x_wconf 82' lang='lat' dir='ltr'><strong>superstes</strong></span> <span class='ocrx_word' id='word_1_85' title='bbox 641 1631 760 1673; x_wconf 87' lang='lat' dir='ltr'><strong>solus</strong></span> <span class='ocrx_word' id='word_1_86' title='bbox 792 1632 977 1673; x_wconf 88' lang='lat' dir='ltr'><strong>sermoni</strong></span> <span class='ocrx_word' id='word_1_87' title='bbox 1008 1645 1106 1673; x_wconf 90' lang='lat' dir='ltr'><strong>meo</strong></span> <span class='ocrx_word' id='word_1_88' title='bbox 1134 1644 1190 1672; x_wconf 89' lang='lat' dir='ltr'><strong>es.</strong></span> 
     </span>
     <span class='ocr_line' id='line_1_21' title="bbox 151 1702 1639 1758; baseline 0 -13"><span class='ocrx_word' id='word_1_89' title='bbox 151 1702 247 1745; x_wconf 90' lang='lat' dir='ltr'>Tibi</span> <span class='ocrx_word' id='word_1_90' title='bbox 279 1717 374 1745; x_wconf 85' lang='lat' dir='ltr'><strong>mea</strong></span> <span class='ocrx_word' id='word_1_91' title='bbox 406 1703 589 1746; x_wconf 86' lang='lat' dir='ltr'><strong>consilia</strong></span> <span class='ocrx_word' id='word_1_92' title='bbox 619 1702 801 1758; x_wconf 89' lang='lat' dir='ltr'><strong>semper&#39;</strong></span> <span class='ocrx_word' id='word_1_93' title='bbox 822 1717 988 1745; x_wconf 88' lang='lat' dir='ltr'><strong>summa</strong></span> <span class='ocrx_word' id='word_1_94' title='bbox 1019 1703 1196 1745; x_wconf 87' lang='lat' dir='ltr'><strong>credidi.</strong></span> <span class='ocrx_word' id='word_1_95' title='bbox 1572 1711 1639 1745; x_wconf 84' lang='lat'><strong>385</strong></span> 
     </span>
     <span class='ocr_line' id='line_1_22' title="bbox 153 1772 1455 1830; baseline -0.002 -13"><span class='ocrx_word' id='word_1_96' title='bbox 153 1775 364 1830; x_wconf 87' lang='lat' dir='ltr'><strong>Equidem</strong></span> <span class='ocrx_word' id='word_1_97' title='bbox 396 1789 536 1830; x_wconf 86' lang='lat' dir='ltr'><strong>neque</strong></span> <span class='ocrx_word' id='word_1_98' title='bbox 568 1776 718 1830; x_wconf 87' lang='lat' dir='ltr'><strong>peperi</strong></span> <span class='ocrx_word' id='word_1_99' title='bbox 750 1789 930 1829; x_wconf 81' lang='lat' dir='ltr'><strong>puerum</strong></span> <span class='ocrx_word' id='word_1_100' title='bbox 963 1789 1102 1830; x_wconf 86' lang='lat' dir='ltr'><strong>neque</strong></span> <span class='ocrx_word' id='word_1_101' title='bbox 1136 1787 1350 1829; x_wconf 87' lang='lat' dir='ltr'><strong>praegnas</strong></span> <span class='ocrx_word' id='word_1_102' title='bbox 1381 1772 1455 1825; x_wconf 89' lang='lat' dir='ltr'><strong>fui,</strong></span> 
     </span>
     <span class='ocr_line' id='line_1_23' title="bbox 154 1846 1466 1902; baseline -0.002 -13"><span class='ocrx_word' id='word_1_103' title='bbox 154 1846 308 1890; x_wconf 89' lang='lat' dir='ltr'><strong>Uerum</strong></span> <span class='ocrx_word' id='word_1_104' title='bbox 340 1847 627 1890; x_wconf 83' lang='lat' dir='ltr'><strong>adsimulasse</strong></span> <span class='ocrx_word' id='word_1_105' title='bbox 659 1862 725 1890; x_wconf 90' lang='lat' dir='ltr'><strong>me</strong></span> <span class='ocrx_word' id='word_1_106' title='bbox 758 1862 852 1890; x_wconf 89' lang='lat' dir='ltr'><strong>esse</strong></span> <span class='ocrx_word' id='word_1_107' title='bbox 884 1851 1165 1902; x_wconf 76' lang='lat' dir='ltr'><strong>praegnatem</strong></span> <span class='ocrx_word' id='word_1_108' title='bbox 1198 1846 1313 1888; x_wconf 87' lang='lat' dir='ltr'><strong>haud</strong></span> <span class='ocrx_word' id='word_1_109' title='bbox 1345 1858 1466 1899; x_wconf 87' lang='lat' dir='ltr'><strong>nego.</strong></span> 
     </span>
    </p>
   </div>
   <div class='ocr_carea' id='block_1_7' title="bbox 154 1943 1049 2069">
    <p class='ocr_par' dir='ltr' id='par_1_7' title="bbox 154 1943 1049 2069">
     <span class='ocr_line' id='line_1_24' title="bbox 722 1943 1049 1984; baseline 0 0"><span class='ocrx_word' id='word_1_110' title='bbox 722 1943 1049 1984; x_wconf 79' lang='lat' dir='ltr'><strong>Diniarchus</strong></span> 
     </span>
     <span class='ocr_line' id='line_1_25' title="bbox 154 2013 826 2069; baseline 0 -13"><span class='ocrx_word' id='word_1_111' title='bbox 154 2013 285 2065; x_wconf 86' lang='lat' dir='ltr'><strong>Quem</strong></span> <span class='ocrx_word' id='word_1_112' title='bbox 315 2019 506 2069; x_wconf 66' lang='lat' dir='ltr'><strong>propter„</strong></span> <span class='ocrx_word' id='word_1_113' title='bbox 541 2029 564 2057; x_wconf 94' lang='lat' dir='ltr'><strong>o</strong></span> <span class='ocrx_word' id='word_1_114' title='bbox 597 2029 692 2058; x_wconf 85' lang='lat' dir='ltr'><strong>mea</strong></span> <span class='ocrx_word' id='word_1_115' title='bbox 723 2016 826 2057; x_wconf 77' lang='lat' dir='ltr'><strong>uita.</strong></span> 
     </span>
    </p>
   </div>
   <div class='ocr_carea' id='block_1_8' title="bbox 713 2109 1279 2236">
    <p class='ocr_par' dir='ltr' id='par_1_8' title="bbox 713 2109 1279 2236">
     <span class='ocr_line' id='line_1_26' title="bbox 713 2109 1072 2152; baseline -0.003 -1"><span class='ocrx_word' id='word_1_116' title='bbox 713 2109 743 2151; x_wconf 91' lang='lat' dir='ltr'>P</span> <span class='ocrx_word' id='word_1_117' title='bbox 755 2109 783 2151; x_wconf 89' lang='lat' dir='ltr'><strong>h</strong></span> <span class='ocrx_word' id='word_1_118' title='bbox 795 2124 816 2151; x_wconf 89' lang='lat' dir='ltr'><strong>r</strong></span> <span class='ocrx_word' id='word_1_119' title='bbox 826 2123 849 2152; x_wconf 95' lang='lat' dir='ltr'><strong>o</strong></span> <span class='ocrx_word' id='word_1_120' title='bbox 860 2124 886 2151; x_wconf 89' lang='lat' dir='ltr'><strong>n</strong></span> <span class='ocrx_word' id='word_1_121' title='bbox 899 2124 920 2152; x_wconf 90' lang='lat' dir='ltr'><strong>e</strong></span> <span class='ocrx_word' id='word_1_122' title='bbox 934 2110 976 2152; x_wconf 90' lang='lat' dir='ltr'><strong>si</strong></span> <span class='ocrx_word' id='word_1_123' title='bbox 991 2123 1017 2150; x_wconf 93' lang='lat' dir='ltr'><strong>u</strong></span> <span class='ocrx_word' id='word_1_124' title='bbox 1031 2123 1072 2151; x_wconf 90' lang='lat' dir='ltr'><strong>m</strong></span> 
     </span>
     <span class='ocr_line' id='line_1_27' title="bbox 884 2180 1279 2236; baseline -0.003 -13"><span class='ocrx_word' id='word_1_125' title='bbox 884 2181 1067 2236; x_wconf 79' lang='lat' dir='ltr'><strong>Propter</strong></span> <span class='ocrx_word' id='word_1_126' title='bbox 1098 2180 1279 2223; x_wconf 78' lang='lat' dir='ltr'><strong>militem</strong></span> 
     </span>
    </p>
   </div>
   <div class='ocr_carea' id='block_1_9' title="bbox 155 2263 412 2268">
    <p class='ocr_par' dir='ltr' id='par_1_9' title="bbox 155 2263 412 2268">
     <span class='ocr_line' id='line_1_28' title="bbox 155 2263 412 2268; baseline 0 0"><span class='ocrx_word' id='word_1_127' title='bbox 155 2263 412 2268; x_wconf 95' lang='lat' dir='ltr'><strong> </strong></span> 
     </span>
    </p>
   </div>
   <div class='ocr_carea' id='block_1_10' title="bbox 145 2316 1638 2477">
    <p class='ocr_par' dir='ltr' id='par_1_10' title="bbox 145 2316 1638 2477">
     <span class='ocr_line' id='line_1_29' title="bbox 261 2316 1632 2361; baseline -0.004 -7"><span class='ocrx_word' id='word_1_128' title='bbox 261 2321 327 2354; x_wconf 86' lang='grc'><strong>375</strong></span> <span class='ocrx_word' id='word_1_129' title='bbox 351 2319 427 2354; x_wconf 82' lang='lat' dir='ltr'><strong>Iam</strong></span> <span class='ocrx_word' id='word_1_130' title='bbox 452 2318 625 2353; x_wconf 79' lang='lat' dir='ltr'><strong>iauiaisse</strong></span> <span class='ocrx_word' id='word_1_131' title='bbox 651 2318 723 2352; x_wconf 85' lang='lat' dir='ltr'><strong>iam</strong></span> <span class='ocrx_word' id='word_1_132' title='bbox 748 2317 810 2361; x_wconf 88' lang='lat' dir='ltr'><strong>pol</strong></span> <span class='ocrx_word' id='word_1_133' title='bbox 837 2316 926 2351; x_wconf 84' lang='lat' dir='ltr'><strong>mihi</strong></span> <span class='ocrx_word' id='word_1_134' title='bbox 950 2316 1020 2352; x_wconf 82' lang='lat' dir='ltr'><strong>BG</strong></span> <span class='ocrx_word' id='word_1_135' title='bbox 1092 2316 1160 2351; x_wconf 86' lang='grc'><strong>376</strong></span> <span class='ocrx_word' id='word_1_136' title='bbox 1184 2316 1337 2351; x_wconf 85' lang='lat' dir='ltr'><strong>sorbere</strong></span> <span class='ocrx_word' id='word_1_137' title='bbox 1361 2316 1396 2350; x_wconf 82' lang='lat' dir='ltr'><strong><em>A</em></strong></span> <span class='ocrx_word' id='word_1_138' title='bbox 1467 2316 1533 2350; x_wconf 85' lang='grc'><strong>377</strong></span> <span class='ocrx_word' id='word_1_139' title='bbox 1558 2326 1632 2350; x_wconf 88' lang='lat' dir='ltr'><strong>me-</strong></span> 
     </span>
     <span class='ocr_line' id='line_1_30' title="bbox 145 2368 1550 2421; baseline -0.002 -11"><span class='ocrx_word' id='word_1_140' title='bbox 145 2376 239 2417; x_wconf 70' lang='lat' dir='ltr'><strong>mini</strong></span> <span class='ocrx_word' id='word_1_141' title='bbox 264 2376 449 2421; x_wconf 84' lang='lat' dir='ltr'><strong>qnondam</strong></span> <span class='ocrx_word' id='word_1_142' title='bbox 476 2375 551 2418; x_wconf 85' lang='lat' dir='ltr'><strong>BC,</strong></span> <span class='ocrx_word' id='word_1_143' title='bbox 578 2373 764 2419; x_wconf 87' lang='lat' dir='ltr'><strong>quondam</strong></span> <span class='ocrx_word' id='word_1_144' title='bbox 792 2373 877 2407; x_wconf 92' lang='lat' dir='ltr'><strong>dum</strong></span> <span class='ocrx_word' id='word_1_145' title='bbox 904 2373 978 2407; x_wconf 86' lang='lat' dir='ltr'><strong>uixi</strong></span> <span class='ocrx_word' id='word_1_146' title='bbox 1004 2373 1038 2407; x_wconf 80' lang='lat' dir='ltr'><strong><em>A</em></strong></span> <span class='ocrx_word' id='word_1_147' title='bbox 1131 2374 1198 2407; x_wconf 81' lang='lat'><strong>378</strong></span> <span class='ocrx_word' id='word_1_148' title='bbox 1223 2373 1458 2408; x_wconf 80' lang='lat' dir='ltr'><strong>sorderemus</strong></span> <span class='ocrx_word' id='word_1_149' title='bbox 1484 2368 1550 2406; x_wconf 82' lang='lat' dir='ltr'><strong>BC</strong></span> 
     </span>
     <span class='ocr_line' id='line_1_31' title="bbox 154 2429 1638 2477; baseline -0.003 -9"><span class='ocrx_word' id='word_1_150' title='bbox 154 2432 198 2468; x_wconf 88' lang='lat' dir='ltr'><strong>de</strong></span> <span class='ocrx_word' id='word_1_151' title='bbox 223 2433 340 2468; x_wconf 68' lang='lat' dir='ltr'><strong>altero</strong></span> <span class='ocrx_word' id='word_1_152' title='bbox 365 2433 408 2477; x_wconf 81' lang='lat' dir='ltr'><strong>A,</strong></span> <span class='ocrx_word' id='word_1_153' title='bbox 435 2433 542 2468; x_wconf 82' lang='lat' dir='ltr'><strong>alteri</strong></span> <span class='ocrx_word' id='word_1_154' title='bbox 568 2431 637 2467; x_wconf 85' lang='lat' dir='ltr'><strong>BG</strong></span> <span class='ocrx_word' id='word_1_155' title='bbox 716 2431 782 2464; x_wconf 88' lang='grc'><strong>379</strong></span> <span class='ocrx_word' id='word_1_156' title='bbox 806 2430 894 2474; x_wconf 88' lang='lat' dir='ltr'><strong>quid</strong></span> <span class='ocrx_word' id='word_1_157' title='bbox 918 2429 986 2465; x_wconf 88' lang='lat' dir='ltr'><strong>BC</strong></span> <span class='ocrx_word' id='word_1_158' title='bbox 1073 2431 1140 2466; x_wconf 84' lang='lat'><strong>380</strong></span> <span class='ocrx_word' id='word_1_159' title='bbox 1163 2441 1223 2465; x_wconf 91' lang='lat' dir='ltr'><strong>me</strong></span> <span class='ocrx_word' id='word_1_160' title='bbox 1247 2429 1307 2465; x_wconf 88' lang='lat' dir='ltr'><strong>hic</strong></span> <span class='ocrx_word' id='word_1_161' title='bbox 1333 2429 1484 2464; x_wconf 74' lang='lat' dir='ltr'><strong>absente</strong></span> <span class='ocrx_word' id='word_1_162' title='bbox 1509 2429 1552 2473; x_wconf 87' lang='lat' dir='ltr'><strong>A,</strong></span> <span class='ocrx_word' id='word_1_163' title='bbox 1579 2429 1638 2463; x_wconf 85' lang='lat' dir='ltr'><strong>hic</strong></span> 
     </span>
    </p>
   </div>
   <div class='ocr_carea' id='block_1_11' title="bbox 62 2485 1574 2549">
    <p class='ocr_par' dir='ltr' id='par_1_11' title="bbox 62 2485 1574 2549">
     <span class='ocr_line' id='line_1_32' title="bbox 62 2485 1574 2549; baseline -0.004 -24"><span class='ocrx_word' id='word_1_164' title='bbox 62 2533 68 2549; x_wconf 23' lang='lat' dir='ltr'>k</span> <span class='ocrx_word' id='word_1_165' title='bbox 89 2502 95 2511; x_wconf 93' lang='lat'><strong>·</strong></span> <span class='ocrx_word' id='word_1_166' title='bbox 154 2489 303 2525; x_wconf 70' lang='lat' dir='ltr'><strong>absente</strong></span> <span class='ocrx_word' id='word_1_167' title='bbox 328 2502 386 2525; x_wconf 88' lang='lat' dir='ltr'><strong>me</strong></span> <span class='ocrx_word' id='word_1_168' title='bbox 412 2490 477 2525; x_wconf 85' lang='lat' dir='ltr'><strong>BC</strong></span> <span class='ocrx_word' id='word_1_169' title='bbox 544 2489 702 2533; x_wconf 67' lang='lat' dir='ltr'><strong>nogotiis</strong></span> <span class='ocrx_word' id='word_1_170' title='bbox 729 2487 797 2523; x_wconf 86' lang='lat' dir='ltr'><strong>BC</strong></span> <span class='ocrx_word' id='word_1_171' title='bbox 863 2489 926 2522; x_wconf 88' lang='lat'><strong>381</strong></span> <span class='ocrx_word' id='word_1_172' title='bbox 954 2497 1019 2522; x_wconf 87' lang='lat' dir='ltr'><strong>om.</strong></span> <span class='ocrx_word' id='word_1_173' title='bbox 1042 2486 1109 2521; x_wconf 84' lang='lat' dir='ltr'><strong>BC</strong></span> <span class='ocrx_word' id='word_1_174' title='bbox 1175 2488 1241 2522; x_wconf 85' lang='lat'><strong>382</strong></span> <span class='ocrx_word' id='word_1_175' title='bbox 1265 2486 1480 2531; x_wconf 78' lang='lat' dir='ltr'><strong>praeuenisti</strong></span> <span class='ocrx_word' id='word_1_176' title='bbox 1505 2485 1574 2520; x_wconf 88' lang='lat' dir='ltr'><strong>BC</strong></span> 
     </span>
    </p>
   </div>
   <div class='ocr_carea' id='block_1_12' title="bbox 0 2557 205 3218">
    <p class='ocr_par' dir='ltr' id='par_1_12' title="bbox 0 2557 205 3218">
     <span class='ocr_line' id='line_1_33' title="bbox 0 2557 88 2725; baseline 0 -110"><span class='ocrx_word' id='word_1_177' title='bbox 0 2557 88 2725; x_wconf 95' lang='lat' dir='ltr'><strong>   </strong></span> 
     </span>
     <span class='ocr_line' id='line_1_34' title="bbox 0 2725 205 3218; baseline 0 0"><span class='ocrx_word' id='word_1_178' title='bbox 0 2725 205 3218; x_wconf 95' lang='lat' dir='ltr'><strong>  </strong></span> 
     </span>
    </p>
   </div>
   <div class='ocr_carea' id='block_1_13' title="bbox 62 2542 1643 2762">
    <p class='ocr_par' dir='ltr' id='par_1_13' title="bbox 62 2542 1643 2762">
     <span class='ocr_line' id='line_1_35' title="bbox 62 2542 1638 2591; baseline -0.004 -9"><span class='ocrx_word' id='word_1_179' title='bbox 62 2559 75 2579; x_wconf 67' lang='lat'><strong>⁵.</strong></span> <span class='ocrx_word' id='word_1_180' title='bbox 155 2542 297 2591; x_wconf 63' lang='lat' dir='ltr'><strong>&#39;gaudeo</strong></span> <span class='ocrx_word' id='word_1_181' title='bbox 323 2547 389 2582; x_wconf 79' lang='lat' dir='ltr'><strong>Bo</strong></span> <span class='ocrx_word' id='word_1_182' title='bbox 463 2547 620 2581; x_wconf 84' lang='lat'>383—84</span> <span class='ocrx_word' id='word_1_183' title='bbox 645 2556 711 2581; x_wconf 86' lang='lat' dir='ltr'><strong>om.</strong></span> <span class='ocrx_word' id='word_1_184' title='bbox 738 2544 804 2579; x_wconf 77' lang='lat' dir='ltr'><strong>BG</strong></span> <span class='ocrx_word' id='word_1_185' title='bbox 879 2545 944 2578; x_wconf 87' lang='lat'><strong>383</strong></span> <span class='ocrx_word' id='word_1_186' title='bbox 970 2544 1089 2589; x_wconf 83' lang='lat' dir='ltr'><strong>operit</strong></span> <span class='ocrx_word' id='word_1_187' title='bbox 1113 2544 1148 2578; x_wconf 81' lang='lat' dir='ltr'><strong><em>A</em></strong></span> <span class='ocrx_word' id='word_1_188' title='bbox 1216 2544 1282 2578; x_wconf 86' lang='lat'><strong>385</strong></span> <span class='ocrx_word' id='word_1_189' title='bbox 1308 2554 1470 2578; x_wconf 82' lang='lat' dir='ltr'><strong>summas</strong></span> <span class='ocrx_word' id='word_1_190' title='bbox 1495 2553 1638 2586; x_wconf 79' lang='lat' dir='ltr'><strong>semper</strong></span> 
     </span>
     <span class='ocr_line' id='line_1_36' title="bbox 68 2598 1643 2646; baseline -0.004 -7"><span class='ocrx_word' id='word_1_191' title='bbox 68 2620 74 2631; x_wconf 48' lang='grc' dir='ltr'><strong>κ</strong></span> <span class='ocrx_word' id='word_1_192' title='bbox 104 2624 110 2629; x_wconf 94' lang='grc'>-</span> <span class='ocrx_word' id='word_1_193' title='bbox 155 2604 274 2639; x_wconf 76' lang='lat' dir='ltr'><strong>crebri</strong></span> <span class='ocrx_word' id='word_1_194' title='bbox 299 2603 369 2639; x_wconf 83' lang='lat' dir='ltr'><strong>BC</strong></span> <span class='ocrx_word' id='word_1_195' title='bbox 442 2604 508 2638; x_wconf 87' lang='lat'><strong>386</strong></span> <span class='ocrx_word' id='word_1_196' title='bbox 533 2614 601 2637; x_wconf 84' lang='lat' dir='ltr'><strong>nec</strong></span> <span class='ocrx_word' id='word_1_197' title='bbox 626 2602 694 2637; x_wconf 83' lang='lat' dir='ltr'><strong>BC</strong></span> <span class='ocrx_word' id='word_1_198' title='bbox 759 2601 905 2646; x_wconf 78' lang='lat' dir='ltr'><strong>perperi</strong></span> <span class='ocrx_word' id='word_1_199' title='bbox 932 2601 967 2635; x_wconf 91' lang='lat' dir='ltr'><strong><em>B</em></strong></span> <span class='ocrx_word' id='word_1_200' title='bbox 1037 2612 1105 2636; x_wconf 90' lang='lat' dir='ltr'><strong>nec</strong></span> <span class='ocrx_word' id='word_1_201' title='bbox 1133 2600 1168 2643; x_wconf 81' lang='grc' dir='ltr'><strong>Ο,</strong></span> <span class='ocrx_word' id='word_1_202' title='bbox 1194 2607 1241 2635; x_wconf 69' lang='grc' dir='ltr'><strong>ΒΞ</strong></span> <span class='ocrx_word' id='word_1_203' title='bbox 1264 2599 1300 2634; x_wconf 89' lang='grc' dir='ltr'><strong><em>Β</em></strong></span> <span class='ocrx_word' id='word_1_204' title='bbox 1373 2610 1549 2644; x_wconf 75' lang='lat' dir='ltr'><strong>pregnam</strong></span> <span class='ocrx_word' id='word_1_205' title='bbox 1575 2598 1643 2633; x_wconf 86' lang='lat' dir='ltr'><strong>BG</strong></span> 
     </span>
     <span class='ocr_line' id='line_1_37' title="bbox 155 2655 1638 2702; baseline -0.003 -7"><span class='ocrx_word' id='word_1_206' title='bbox 155 2660 220 2695; x_wconf 79' lang='grc'><strong>387</strong></span> <span class='ocrx_word' id='word_1_207' title='bbox 244 2660 462 2695; x_wconf 79' lang='lat' dir='ltr'><strong>adsimulaui</strong></span> <span class='ocrx_word' id='word_1_208' title='bbox 488 2661 578 2694; x_wconf 82' lang='lat' dir='ltr'><strong>meis</strong></span> <span class='ocrx_word' id='word_1_209' title='bbox 604 2671 642 2694; x_wconf 81' lang='lat' dir='ltr'><strong>se</strong></span> <span class='ocrx_word' id='word_1_210' title='bbox 667 2658 732 2693; x_wconf 84' lang='lat' dir='ltr'><strong>BC</strong></span> <span class='ocrx_word' id='word_1_211' title='bbox 800 2661 1044 2702; x_wconf 86' lang='lat' dir='ltr'><strong>pregnantem</strong></span> <span class='ocrx_word' id='word_1_212' title='bbox 1073 2657 1102 2692; x_wconf 83' lang='lat' dir='ltr'><strong><em>G</em></strong></span> <span class='ocrx_word' id='word_1_213' title='bbox 1169 2668 1238 2701; x_wconf 85' lang='lat' dir='ltr'><strong>ego</strong></span> <span class='ocrx_word' id='word_1_214' title='bbox 1263 2656 1331 2692; x_wconf 80' lang='lat' dir='ltr'><strong>BG</strong></span> <span class='ocrx_word' id='word_1_215' title='bbox 1397 2658 1465 2691; x_wconf 86' lang='lat'><strong>388</strong></span> <span class='ocrx_word' id='word_1_216' title='bbox 1490 2655 1566 2700; x_wconf 80' lang='lat' dir='ltr'><strong>Que</strong></span> <span class='ocrx_word' id='word_1_217' title='bbox 1590 2655 1638 2698; x_wconf 88' lang='lat' dir='ltr'><strong>B,</strong></span> 
     </span>
     <span class='ocr_line' id='line_1_38' title="bbox 155 2714 858 2762; baseline -0.004 -10"><span class='ocrx_word' id='word_1_218' title='bbox 155 2714 241 2760; x_wconf 79' lang='lat' dir='ltr'><strong>Quae</strong></span> <span class='ocrx_word' id='word_1_219' title='bbox 268 2717 297 2752; x_wconf 84' lang='lat'><em>0</em></span> <span class='ocrx_word' id='word_1_220' title='bbox 363 2719 519 2762; x_wconf 80' lang='lat' dir='ltr'><strong>propter</strong></span> <span class='ocrx_word' id='word_1_221' title='bbox 543 2727 661 2751; x_wconf 87' lang='lat' dir='ltr'><strong>meam</strong></span> <span class='ocrx_word' id='word_1_222' title='bbox 688 2716 801 2750; x_wconf 74' lang='lat' dir='ltr'><strong>uitam</strong></span> <span class='ocrx_word' id='word_1_223' title='bbox 830 2715 858 2749; x_wconf 86' lang='lat' dir='ltr'><em>C</em></span> 
     </span>
    </p>
   </div>
  </div>
 </body>
</html>
