2009 3218
337 171 418 209 390
1028 166 1148 200 Plauti
1547 166 1609 210 IV,
1634 169 1667 211 2,
1691 168 1826 201 24-34

922 292 1243 345 Astaphium

681 362 852 405 Interea
883 364 1105 415 magistra,
1139 363 1239 404 dum
1271 368 1320 404 tu
1351 363 1714 413 commentabere‚

341 434 442 477 Uolt
472 434 547 475 illa
576 434 727 476 itidem
760 436 1054 477 commentari.

920 514 1244 555 Diniarchus

1065 584 1208 635 Quid?

929 664 1247 718 Astaphium

1218 736 1323 777 Rem
1355 737 1551 790 accipere
1581 736 1828 780 identidem.

925 815 1256 856 Diniarchus

345 887 455 928 Dedi
488 887 686 940 equidem
712 887 861 938 hodie;
892 887 1002 929 iussi
1025 888 1064 928 ei
1090 887 1281 941 quinque
1305 889 1473 941 argenti
1495 888 1656 931 deferri
1685 890 1833 941 minas,

347 959 581 1000 Praeterea
611 974 741 1001 unam
770 961 813 1000 in
846 964 1115 1013 opsonatum.

933 1039 1251 1092 Astaphium

1122 1110 1240 1152 Idem
1273 1112 1384 1153 istoc
1416 1112 1610 1154 delatum
1642 1114 1743 1156 scio.
1770 1126 1838 1160 '730
1891 1130 1894 1132 ’

351 1183 414 1224 De
447 1197 496 1224 eo
527 1196 640 1223 nuno
671 1182 779 1223 bene
811 1187 912 1224 sunt
942 1189 1018 1224 tua
1050 1183 1223 1224 uirtute.

928 1262 1259 1304 Diniarchus

1275 1335 1426 1376 Meane
1457 1340 1507 1377 ut
1537 1337 1698 1379 inimici
1729 1340 1812 1380 mei

353 1406 475 1447 Bona
504 1406 603 1448 istic
633 1406 878 1447 comedint?
937 1406 1155 1447 Mortuum
1187 1406 1331 1448 hercle
1364 1422 1430 1448 me
1464 1422 1594 1461 quam
1623 1408 1667 1450 id
1699 1411 1841 1464 patiar
1902 1419 1909 1425 ‘

1303 1479 1516 1521 mauelim.

937 1558 1255 1611 Astaphium

353 1629 543 1672 Stultum
575 1635 643 1672 est
673 1630 841 1671 inuidia
871 1630 1025 1683 perire.

932 1710 1256 1751 Diniarchus

1086 1781 1198 1831 Quid
1229 1782 1345 1845 iam?

940 1861 1257 1915 Astaphium

1398 1934 1507 1984 Quia
1536 1934 1607 1989 pol
1641 1935 1842 1978 mauelim
1902 1987 1906 1991 .

355 2078 465 2119 Nam
490 2080 689 2119 inuidere
715 2079 787 2119 alii
813 2079 921 2119 bene
948 2093 1053 2129 esse,
1084 2079 1163 2119 tibi
1196 2079 1304 2119 male
1331 2093 1436 2129 esse,
1467 2079 1643 2120 miseria
1668 2082 1753 2129 est3
1777 2089 1843 2123 735

355 2151 436 2200 Qui
468 2151 678 2201 inuident,
713 2155 857 2203 egeut3
889 2151 974 2192 illis
1007 2151 1164 2205 quibus
1195 2151 1428 2201 inuidetur,
1461 2152 1474 2192 i
1504 2165 1594 2192 rem
1625 2150 1799 2192 habent.

934 2230 1267 2272 Diniarohus

354 2303 449 2344 Non
481 2302 584 2343 licet
615 2301 730 2355 quod
763 2305 973 2354 opsonaui
1006 2317 1072 2344 me
1104 2304 1360 2356 participem
1393 2302 1517 2344 fieri?

468 2465 535 2497 727
562 2461 738 2506 magister
832 2463 898 2496 728
923 2461 1011 2496 Uolt
1033 2462 1069 2495 B
1157 2461 1308 2494 interim
1334 2461 1397 2494 illa
1420 2460 1557 2495 ididem
1656 2458 1841 2494 dentidem

355 2522 421 2556 729
447 2521 559 2554 Dedit
582 2519 618 2554 Β
712 2520 799 2553 iussi
827 2531 891 2554 om.
979 2521 1047 2554 730
1071 2531 1183 2554 unum
1272 2519 1493 2552 obsonatum
1587 2518 1650 2552 731
1678 2527 1758 2551 sum
1781 2519 1844 2551 tua
1907 2526 1911 2530 ’

356 2579 531 2613 uirtutem
648 2577 779 2610 imeme
804 2577 838 2610 B
863 2576 962 2620 (imae
989 2576 1029 2619 Ο)
1055 2577 1168 2611 iuiem
1193 2575 1300 2611 eimei
1410 2577 1477 2609 732
1501 2574 1634 2609 cedent
1736 2583 1843 2618 quam
1902 2599 1906 2603 .

357 2640 398 2670 ut
422 2635 458 2669 id
541 2636 608 2669 733
633 2633 763 2678 legitur
785 2639 868 2677 post
893 2636 959 2668 736
1050 2634 1194 2668 Stultus
1219 2632 1306 2677 quid
1332 2636 1388 2666 est
1413 2632 1555 2676 aperire
1637 2633 1703 2666 '734
1727 2628 1843 2665 inimi-
1888 2640 1903 2659 ‘-

357 2704 420 2727 cus
444 2692 650 2726 inuiderem
756 2702 813 2724 me
918 2691 986 2725 735
1011 2701 1128 2724 essem
1154 2691 1246 2724 seria
1271 2689 1364 2724 mesi
1389 2688 1435 2731 B,
1461 2700 1541 2723 esse
1564 2686 1791 2723 inseriamesi
1815 2683 1846 2721 0
1900 2703 1906 2730 ς

357 2750 422 2783 736
447 2748 540 2792 Quid
635 2748 702 2782 737
728 2748 814 2781 licet
840 2747 886 2781 do
914 2748 1046 2781 obsoni
1074 2747 1233 2788 &obsonii
1260 2746 1298 2784 C)
1393 2745 1599 2790 participhe
1622 2744 1658 2779 B
