2009 3218
316 228 401 269 200
1005 222 1125 257 Plauti
1562 222 1592 266 1,
1618 221 1650 265 2,
1676 223 1819 258 54-65

945 347 1179 399 Antipho

321 423 378 464 At
411 435 489 476 ego
522 435 573 462 ex
605 424 647 462 te
680 433 898 474 exquaero
930 423 1062 473 atque
1094 432 1145 460 ex
1175 419 1285 460 istac
1316 422 1392 460 tua.
1422 429 1581 461 sorore.

922 497 1216 551 Paneyyrz's
1711 522 1713 525 <

1461 568 1640 624 Edepol,
1673 574 1816 624 pater,

330 644 428 686 Scio
454 647 503 685 ut
528 646 700 697 oportet
724 655 832 684 esse.
881 640 923 683 Si
949 641 1035 682 sint
1057 641 1118 682 ita
1137 644 1185 681 ut
1202 652 1279 693 ego
1297 653 1482 693 aequom
1500 654 1653 684 censeo
1672 665 1723 670 —
1753 652 1819 687 115

946 718 1179 770 Antipho

330 794 442 837 Uolo
476 794 586 836 scire
617 806 719 846 ergo
750 795 800 833 ut
831 805 1013 846 aequom
1045 804 1210 840 censes,

925 869 1218 924 Paneyyris

1024 940 1093 991 Ut,
1127 956 1203 995 per
1225 939 1386 982 'urbem
1418 929 1549 995 quom
1581 941 1820 996 ambulent,

323 1017 532 1060 Omnibus
565 1030 611 1058 os
645 1018 861 1070 optarent,
893 1027 945 1055 ne
977 1013 1072 1067 quis
1105 1012 1256 1054 merito
1289 1012 1401 1055 male
1433 1012 1549 1055 dicat
1580 1012 1674 1055 sibi.

306 1079 310 1082 Δ
949 1091 1179 1144 Antipho

327 1169 409 1210 Dio
439 1168 630 1210 uicissim
662 1179 774 1208 nunc
803 1166 888 1207 iam
919 1169 979 1206 tu.

930 1242 1210 1295 Pamphila

1037 1314 1150 1364 Quid
1182 1314 1248 1355 uis
1279 1313 1358 1356 tibi
1391 1313 1542 1365 dicam,
1577 1317 1730 1370 pater?

951 1394 1186 1446 Antipho

328 1470 413 1512 Ubi
444 1469 661 1511 facillume
695 1472 917 1522 spectatur
948 1466 1100 1507 mulier
1131 1479 1241 1520 quae
1271 1465 1443 1518 ingenio
1475 1471 1540 1509 est
1570 1466 1711 1510 bono?
1753 1480 1819 1514 119

933 1545 1204 1597 Pamphila

330 1621 440 1672 Quoi
466 1620 577 1662 male
603 1619 794 1661 faciundi
819 1623 884 1660 est
907 1623 1115 1672 potestas,
1149 1630 1260 1671 quae
1284 1631 1336 1659 ne
1361 1617 1405 1659 id
1429 1617 1564 1660 faciat
1588 1623 1815 1674 temperat.

949 1697 1180 1749 Antipho

321 1771 451 1813 Haud
484 1771 595 1813 male
627 1771 751 1812 istuc.
812 1770 900 1823 Age
925 1774 969 1811 tu
995 1769 1153 1810 altera:
1187 1772 1285 1810 utra
1311 1773 1378 1810 est
1403 1769 1599 1812 condicio
1626 1771 1814 1825 pensior,

322 1843 600 1897 Uirginemne
633 1856 685 1884 an
718 1842 893 1883 uiduam
926 1840 1115 1882 habere?

934 1920 1222 1973 Panessyris

1152 1990 1327 2041 Quanta
1356 2005 1452 2034 mea
1484 1994 1702 2048 sapientia.
1732 1998 1810 2038 est.

325 2065 389 2106 Ex
415 2064 539 2106 malis
564 2065 711 2107 multis
736 2065 896 2107 malum
921 2064 1036 2118 quod
1064 2067 1298 2105 minumum
1324 2069 1400 2115 est,
1431 2064 1475 2106 id
1502 2065 1723 2107 minimum
1749 2068 1815 2107 est

1270 2136 1440 2178 malum.

946 2208 1179 2259 Antipho

322 2278 406 2329 Qui
438 2284 581 2333 potest
613 2279 766 2321 mulier
798 2281 935 2321 uitare
967 2281 1115 2321 uitiis?

916 2358 1214 2413 Panewrv‘s

1165 2429 1220 2472 Ut
1252 2430 1408 2472 cotidie

322 2501 467 2544 Pridie
499 2508 654 2543 caueat
685 2517 737 2544 ne
770 2502 900 2544 faciat
932 2501 1046 2556 quod
1079 2503 1224 2556 pigeat
1254 2501 1479 2556 postridie.
1751 2512 1813 2546 125

441 2672 503 2704 114
529 2670 683 2715 exquiro
705 2669 774 2705 BC
841 2671 966 2715 quaeri
983 2671 1016 2704 A
1090 2671 1152 2705 1‘20
1177 2671 1295 2715 adque
1318 2669 1347 2705 0
1412 2669 1524 2705 saciat
1549 2670 1586 2705 id
1611 2669 1679 2705 BG
1748 2670 1808 2704 121

324 2726 405 2762 Hau
430 2726 502 2761 AB
592 2727 748 2780 utra=sit
838 2727 1024 2761 conditior
1050 2728 1079 2763 C
1165 2728 1227 2762 122
1253 2727 1441 2771 Uirginem
1467 2725 1534 2761 BG
1614 2737 1659 2761 an
1684 2735 1750 2761 om.
1776 2724 1811 2759 A

325 2785 389 2818 122
416 2794 514 2818 meas
540 2782 607 2818 ΒΟ
679 2784 739 2816 123
766 2783 795 2816 Ε
821 2782 888 2818 ΒΟ
954 2785 1140 2819 minimest
1167 2784 1300 2818 malum
1327 2783 1359 2817 A
1435 2785 1495 2818 125
1521 2782 1716 2827 posttridie
1741 2781 1773 2816 A

1956 144 1960 147 .
1946 0 1963 30 ‘N

1916 1745 1923 1748 Ι
1910 1445 1915 1449 ,

1949 2109 1958 2289 Ἢ
1946 989 1954 993 ι

1981 1825 1986 1827 v
1979 1701 1983 1704 ’
1980 1602 1983 1611 -
1986 1539 1992 1544 .
1983 1499 1986 1502 ι
1979 1417 1988 1430 ο
1988 1314 1994 1331 ..
1970 862 1997 1267 ,Ἥ
