2009 3218
342 232 419 269 598
956 229 1200 264 Trinummus.

339 365 486 395 cantur.
568 354 864 406 Collicrcffldae
903 358 961 394 W.
1002 359 1047 395 A.
1082 358 1245 406 Becker,
1294 361 1317 395 i.
1359 373 1388 396 e.
1430 361 1467 395 in
1508 372 1671 408 quorum
1711 359 1819 397 collis

338 429 471 464 ferreae
505 430 650 462 catenae
680 426 740 463 vel
773 426 931 463 collaria
962 430 1135 476 crepant,
1167 441 1202 463 v.
1235 426 1282 463 ad
1307 427 1418 476 Capt.
1453 414 1569 464 356s
1606 426 1747 476 Speug.
1777 440 1815 476 p.

339 494 425 531 VIII
453 493 600 531 frustra
632 493 807 531 codicum
838 495 1073 543 scripturam
1101 494 1287 531 defendit.
1347 491 1654 542 cruricrepidae
1683 493 1816 532 eodem

338 562 449 599 modo
496 562 651 598 dicitur.
733 561 915 598 Formam
955 563 1001 599 ad
1043 564 1315 612 patronymica
1361 563 1688 600 accommodatam
1733 575 1816 601 esse

335 636 377 669 ut
402 630 665 681 plagipatidas
689 630 800 680 Capt.
827 631 921 677 471,
947 630 1226 668 animadvertit
1249 631 1313 668 Br.
1345 626 1542 677 ferriteri,
1575 631 1641 680 qui
1671 631 1815 669 ferrum

335 703 479 747 terunt,
519 713 554 735 v.
588 698 636 734 ad
668 698 779 748 Capt.
814 699 906 736 882.
946 718 999 748 —†
1043 699 1160 736 1023.
1200 699 1295 736 Tam
1335 699 1480 735 celeres
1519 711 1650 735 eorum
1685 711 1816 736 manus

336 781 417 804 esse
448 767 555 812 dicit,
588 770 631 803 ut
662 767 777 803 etiam
810 768 982 804 currenti
1013 764 1150 805 solum
1181 764 1246 814 (cf.
1272 766 1411 803 Bacch.
1440 767 1531 804 329.
1579 766 1689 805 Cure.
1717 764 1815 816 297)

334 837 531 885 surripere
562 835 723 884 possint.
783 819 997 882 surpuer‘z't
1027 835 1203 872 Lindem.
1263 834 1458 882 „Quorum
1484 833 1640 872 eorum“
1679 839 1816 886 aperta

333 902 602 952 dittographia
640 906 712 939 est.
790 900 938 948 „unus“
979 916 1052 952 pro
1097 916 1197 940 unus
1236 903 1400 952 quisque
1437 902 1505 940 vix>
1544 903 1620 940 diei
1666 906 1814 952 potest3

334 973 465 1020 itaque
496 967 658 1008 Eorum
702 967 843 1021 quiuis
887 971 1044 1020 scripsi;
1092 971 1135 1008 R.
1174 971 1370 1017 „Quorum
1410 970 1538 1008 hercle
1575 969 1715 1008 unus“.
1761 990 1814 996 —

338 1041 455 1077 1025.
503 1036 724 1088 epithecam
762 1039 886 1086 Cum„
935 1041 958 1076 i.
991 1053 1022 1076 e.
1063 1041 1297 1088 auctarium,
1343 1043 1387 1076 ut
1425 1040 1482 1077 ait
1517 1039 1580 1077 Br.
1621 1039 1706 1076 coll.
1747 1042 1812 1077 Ar.

332 1108 447 1158 Vesp.
471 1108 596 1146 1391:
630 1108 816 1156 κάξέβαλεν
840 1109 1020 1143 ἐντεῦθενί
1043 1108 1168 1155 ἄρτους
1185 1107 1252 1143 δεκ’
1272 1107 1403 1155 ὀβολῶν
1418 1107 1624 1153 κάπιθήκην
1639 1109 1812 1156 τέτταρας.

332 1177 412 1213 Aut
450 1176 583 1213 hiatur
620 1180 709 1226 post
748 1170 946 1213 'damnum
983 1177 1022 1213 in
1061 1177 1213 1213 diaeresi
1255 1179 1323 1213 aut
1353 1189 1437 1213 cum
1470 1175 1667 1224 Scaligero
1699 1181 1739 1214 et
1768 1177 1812 1214 R.

331 1246 506 1289 ἐπιθήκην
537 1244 794 1281 scribendum.
829 1264 883 1268 ———
919 1245 1035 1281 1026.
1068 1242 1179 1294 quod
1198 1240 1353 1292 periit,
1383 1241 1572 1292 periisse.
1632 1245 1693 1282 W.
1726 1257 1813 1282 con-

332 1314 406 1349 fert
438 1313 564 1350 Catul.
599 1314 636 1361 8,
669 1314 712 1349 2:
759 1317 821 1358 „et
852 1312 957 1362 quod
988 1312 1100 1350 uides
1131 1314 1296 1363 perisse,
1334 1313 1530 1362 perditum
1569 1311 1730 1352 ducas“.
1759 1334 1814 1340 —

330 1391 428 1430 cape
471 1378 723 1427 morsoriam,
764 1382 810 1418 cf.
852 1382 972 1419 Mero.
1015 1382 1106 1418 863.
1152 1400 1199 1406 —
1244 1381 1361 1418 1028.
1409 1382 1566 1419 ueteres
1605 1378 1813 1420 hominum

330 1459 461 1488 mores
493 1449 690 1497 Lindem.;
722 1449 766 1487 R.
801 1450 954 1488 maluit:
992 1454 1167 1496 „ueteres
1198 1454 1375 1487 ueterum
1406 1448 1572 1488 mores“.
1607 1471 1659 1476 —
1694 1453 1811 1491 1029.

331 1515 480 1557 Potius
509 1518 694 1564 abundat,
727 1521 771 1555 ut
798 1515 971 1565 „magis“
992 1517 1132 1568 Amph.
1160 1519 1252 1563 297,
1285 1517 1351 1554 ubi
1376 1519 1454 1556 vid.
1495 1519 1583 1556 Ter.
1608 1519 1699 1558 Hec.
1720 1521 1808 1558 534.

329 1587 401 1624 Ad.
423 1587 515 1623 2222.
536 1605 582 1611 —
603 1583 649 1624 in
665 1583 816 1624 maiori
831 1582 982 1624 honore
999 1585 1161 1624 Loman.
1187 1606 1240 1610 —-
1269 1587 1387 1624 1030.
1419 1582 1603 1635 basilica,
1627 1588 1675 1625 cf.
1699 1587 1810 1638 Capt.

330 1657 421 1692 805.
464 1675 517 1680 —
553 1656 671 1693 1031.
704 1665 815 1693 more
845 1654 987 1692 Dousa.
1024 1673 1072 1679 -—
1111 1655 1228 1692 1032.
1269 1651 1455 1692 homines
1487 1655 1628 1703 Bergk.
1687 1651 1840 1708 nihili·

327 1723 512 1770 Scaliger.
554 1741 606 1747 —
645 1719 753 1769 nisi,
801 1723 867 1760 sed
906 1723 946 1759 id
984 1726 1137 1760 tantum
1176 1725 1334 1771 curant,
1381 1724 1427 1761 cf.
1470 1724 1561 1762 234.
1603 1743 1656 1749 -—
1705 1725 1808 1762 1033

328 1791 507 1829 Ambitus
538 1791 642 1840 leges
677 1795 765 1828 ante
797 1791 928 1829 Plauti
961 1796 1114 1829 aetatem
1148 1795 1269 1837 erant,
1302 1805 1337 1829 v.
1371 1791 1419 1829 ad
1451 1792 1589 1842 Amph.
1624 1793 1696 1839 74;
1741 1791 1807 1830 sed

328 1874 380 1898 ‹3ae
410 1874 487 1898 non
518 1873 671 1897 omnem
703 1861 954 1897 ambitionem
980 1860 1243 1898 vindicabant.
1268 1879 1321 1885 -—
1350 1861 1467 1898 1034.
1500 1858 1633 1899 iacere
1647 1857 1806 1911 fuyere-

328 1939 414 1977 que,
448 1928 493 1966 cf.
527 1927 711 1965 aid-Pers.
748 1929 840 1965 722.
874 1948 927 1953 —
971 1929 1089 1966 1035.
1121 1938 1204 1976 pro
1233 1926 1404 1978 flagitio,
1439 1933 1482 1967 ut
1510 1929 1723 1979 praemium.
1755 1947 1807 1954 —
1860 1949 1867 1956 ·

332 1997 449 2034 1036.
505 1992 759 2034 Stremcosos
798 1997 922 2034 Loew.
963 1998 1074 2034 Anal.
1113 1996 1242 2035 Plaut.
1282 2010 1320 2046 p.
1364 1991 1586 2044 202.²1‘‚Br.;
1638 1997 1683 2034 R.
1723 2009 1806 2034 cum

328 2064 541 2113 scaligero:
594 2064 806 2111 „Strenuus
839 2063 978 2102 nunc“.
1027 2084 1079 2089 -
1129 2066 1246 2103 1038.
1294 2061 1508 2115 Mayz‘sque
1536 2066 1569 2103 is
1609 2061 1650 2112 (i.
1683 2077 1716 2102 e.
1745 2065 1805 2111 iis,
1841 2095 1846 2101 .

327 2147 360 2169 v.
400 2131 553 2182 Proleg.
593 2146 631 2182 p.
675 2132 791 2180 212),
837 2137 882 2171 ut
925 2134 1017 2170 olim
1065 2136 1325 2180 conieceram,
1371 2146 1495 2183 nuper
1534 2133 1715 2183 Spengel.
1752 2151 1807 2157 —

326 2198 458 2238 liberis
506 2201 566 2238 ed.
613 2215 693 2251 pr.;
758 2215 841 2239 cum
897 2202 1004 2252 gravi
1061 2203 1188 2240 ironia
1240 2204 1430 2240 rationem
1484 2203 1679 2239 inversam
1724 2213 1806 2239 esse

326 2268 531 2316 significat.
551 2289 601 2294 —-
632 2270 750 2307 1038.
783 2266 841 2307 Et
864 2268 1037 2309 miserae
1061 2270 1225 2321 Speng.;
1254 2271 1476 2320 superiores
1500 2269 1603 2317 „Eae
1627 2266 1804 2308 misere“.

327 2337 450 2386 Leges
488 2337 631 2375 tabulis
663 2341 792 2376 aeneis
823 2339 1038 2389 insculptas
1077 2339 1196 2377 clavis
1235 2338 1282 2375 ad
1323 2339 1493 2388 parietes
1534 2337 1641 2387 affigi
1670 2337 1805 2375 solitas

326 2418 406 2442 esse
437 2406 532 2442 satis
571 2410 704 2443 notum
746 2411 816 2453 est,
858 2411 898 2444 et
939 2406 1151 2445 ostendunt
1191 2407 1429 2456 exemplaria
1465 2405 1514 2443 ad
1552 2405 1624 2443 hoc
1653 2409 1805 2454 tempus

325 2477 490 2510 servata.
525 2493 578 2497 —
614 2475 731 2512 1040.
765 2471 905 2519 nimio,
940 2476 984 2512 cf.
1016 2476 1107 2513 388.
1134 2495 1188 2500 —
1216 2477 1317 2514 1041
1354 2488 1425 2525 sq„
1457 2474 1504 2512 cf.
1530 2474 1617 2512 Aul.
1644 2475 1721 2512 515
1745 2485 1802 2522 sq.

327 2561 376 2566 —-
418 2537 478 2578 Et
507 2541 718 2579 Acidalius.
767 2562 819 2567 —
869 2545 986 2581 1043.
1035 2541 1132 2582 istis·
1171 2544 1228 2581 ed.
1262 2558 1321 2594 pr.
1401 2544 1618 2582 1043—45
1651 2544 1803 2594 spurios

325 2610 441 2647 habet
473 2609 516 2646 R.
550 2629 603 2634 —
648 2612 764 2649 1046.
807 2609 1090 2650 animaduerti
1121 2613 1165 2651 A.
1205 2633 1259 2637 —
1297 2608 1530 2650 hominibus
1568 2612 1626 2648 ed.
1658 2624 1717 2661 pr.
1749 2628 1802 2636 —

329 2679 446 2716 1048.
479 2688 638 2728 quoque
669 2676 801 2726 etiam,
836 2693 869 2717 v.
899 2681 946 2718 ad
972 2681 1112 2731 Amph.
1140 2683 1203 2720 30.
1237 2701 1289 2706 —
1325 2681 1442 2718 1049.
1475 2690 1525 2718 ex
1555 2677 1798 2729 inqenio...

319 2742 515 2794 probant,
563 2748 608 2784 cf.
644 2746 746 2784 Pers.
783 2749 875 2785 213.
913 2768 964 2774 —
1010 2750 1127 2787 1050.
1170 2749 1280 2786 Both.
1313 2748 1358 2786 R.
1391 2749 1457 2785 alii
1497 2752 1589 2797 post
1625 2761 1661 2786 v.
1698 2747 1799 2785 1054

324 2819 547 2863 posuerunt.
625 2814 679 2851 De
724 2820 920 2852 structura
960 2830 993 2853 v.
1035 2818 1082 2854 ad
1123 2816 1234 2866 Epid.
1270 2818 1362 2854 216.
1401 2836 1454 2842 —
1497 2818 1614 2856 1051.
1657 2813 1707 2856 Si
1735 2811 1802 2854 cui
