2009 3218
356 209 434 247 286
1057 203 1178 237 Plauti
1528 203 1574 246 II,
1601 206 1632 247 4,
1662 206 1836 252 128-7148

303 353 306 356 ι
351 329 513 380 Postid,
545 328 747 370 frumenti
780 343 910 383 quom
942 328 1046 370 alibi
1077 329 1230 370 messis
1264 342 1466 370 maxuma
1496 334 1574 379 est,

352 401 507 443 Tribus
537 401 671 442 tantis
701 401 765 442 illi
797 402 938 442 minus
969 400 1083 442 redit
1113 414 1243 454 quam
1274 400 1508 442 obseueris.

1007 494 1189 536 Philto

354 567 446 619 Em,
477 566 578 608 istic
609 570 783 620 oportet
813 565 956 609 obseri
987 580 1128 608 mores
1158 565 1308 618 malos,

355 638 400 680 Si
431 639 474 680 in
506 638 744 680 obserendo
776 639 944 692 possint
974 637 1194 680 interfieri.

962 732 1226 775 Stasimus

351 795 500 858 Neque
531 803 736 858 umquam
767 806 1054 859 quisquamst,
1086 805 1238 857 quoius
1269 804 1341 845 ille
1372 818 1474 858 ager
1503 803 1598 853 fuit,
1743 815 1835 850 ‘535

354 877 468 927 Quin
500 891 698 930 pessume
730 878 768 919 ei
800 891 869 919 res
901 877 1094 918 uorterit.
1157 875 1347 925 Quorum
1377 875 1511 928 suits

354 949 438 990 Alii
470 948 715 990 exsulatum
747 949 960 1001 abierunt,
993 948 1067 989 alii
1098 949 1294 998 emortui,

354 1021 438 1062 Alii
470 1034 514 1061 se
545 1020 822 1073 suspendere.
882 1020 961 1061 Em
993 1034 1105 1062 nunc
1135 1020 1216 1069 hic,
1250 1021 1402 1074 quoius
1435 1026 1513 1071 est,

356 1091 415 1133 Ut
445 1092 499 1133 ad
533 1092 688 1134 incitas
720 1092 954 1134 redactust.

1002 1171 1186 1213 Philto

1023 1245 1171 1298 Apage
1202 1257 1228 1285 a
1259 1258 1327 1285 me
1357 1244 1490 1285 istum
1520 1256 1682 1296 agrum.

971 1334 1236 1377 Stasimus

354 1407 493 1461 Magis
525 1421 662 1461 apage
694 1407 826 1458 dicas,
858 1409 893 1449 si
925 1408 1072 1449 omnia
1100 1406 1410 1449 indaudiueris.
1772 1415 1841 1449 540
1906 1439 1911 1443 .
1971 1451 1990 1461 ,

354 1479 462 1520 Nam
493 1478 727 1533 fulguritae
759 1484 858 1520 sunt
887 1479 1085 1521 alternae
1117 1479 1314 1530 arbores;

357 1550 466 1593 Sues
497 1553 739 1593 moriuntur
772 1552 930 1604 angina
960 1565 1200 1602 acerrume,

357 1624 471 1665 Oues
497 1624 676 1665 scabrae
703 1628 815 1674 sunt,
847 1629 936 1665 tam
960 1611 1150 1676 glabrae,
1183 1637 1260 1674 em,
1293 1636 1421 1676 quam
1447 1622 1554 1664 haec
1579 1627 1644 1664 est
1666 1635 1840 1673 manus;

357 1695 466 1736 Tum
498 1700 645 1737 autem
677 1695 894 1750 Syrorum,
922 1709 1058 1748 genus
1091 1694 1205 1749 quod
1239 1695 1615 1748 patientissumum
1647 1699 1712 1736 est

357 1767 603 1818 Hominum,
635 1781 761 1809 nemo
793 1771 938 1809 exstat
969 1768 1043 1821 qui
1073 1766 1134 1807 ibi
1166 1780 1241 1808 sex
1271 1767 1429 1808 mensis
1461 1767 1638 1817 uixerit3
1776 1776 1843 1811 545

356 1839 423 1882 lta
453 1840 597 1882 cuncti
628 1839 850 1881 solstitiali
881 1839 1031 1881 morbo
1064 1838 1280 1880 decidunt.

1012 1918 1193 1960 Philto

344 1986 496 2033 *Credo
529 2005 606 2045 ego
639 1993 764 2041 istuc,
795 1991 991 2041 Stasime,
1022 1992 1085 2032 ita
1116 2004 1232 2042 esse3
1264 1989 1340 2032 sed
1371 1988 1584 2043 Campans
1616 2003 1748 2043 genus

356 2063 493 2105 Multo
525 2063 729 2117 Syrorum
759 2065 846 2105 iam
877 2064 1035 2106 antidit
1066 2063 1332 2117 patientiam.

357 2135 440 2177 Sed
471 2136 597 2176 istest
628 2149 731 2188 ager
761 2134 967 2190 profecto,
998 2139 1046 2177 ut
1075 2141 1119 2176 te
1149 2134 1297 2176 audiui
1328 2135 1459 2188 loqui,

358 2207 496 2249 Malos
527 2207 570 2247 in
603 2220 726 2260 quem
761 2209 900 2250 omnis
931 2207 1248 2262 publice-mitti
1280 2206 1417 2248 decet.
1777 2216 1845 2249 550

361 2278 485 2320 Sicut
513 2277 839 2321 fortunatorum
869 2284 1112 2322 memorant
1141 2278 1316 2329 insulas,

472 2393 536 2426 531
565 2403 638 2436 quo
663 2391 728 2426 BG
825 2392 934 2426 tnesis
958 2391 994 2425 Β
1087 2392 1247 2426 maxima
1271 2392 1339 2426 sim
1365 2389 1435 2425 BG
1530 2391 1596 2424 532
1619 2390 1689 2424 illis
1717 2391 1752 2424 A

357 2449 480 2484 reddit
571 2449 637 2482 533
662 2448 745 2482 hem
762 2448 791 2483 G
868 2450 933 2482 535
958 2449 1150 2493 quisquam
1175 2449 1204 2482 si
1224 2447 1298 2491 BC,
1324 2448 1516 2492 quisquam
1536 2448 1568 2479 A
1650 2447 1782 2491 quouis
1807 2446 1842 2490 Ο,

357 2506 460 2541 cuius
479 2506 515 2539 A
597 2506 662 2539 536
688 2509 852 2539 uorterat
877 2505 911 2539 Β
993 2506 1142 2549 quoium
1165 2504 1211 2548 B,
1236 2505 1356 2539 cuium
1379 2504 1411 2538 A
1438 2504 1535 2538 cinit-1
1557 2503 1586 2538 Ο
1670 2506 1737 2538 537
1761 2515 1844 2538 exo-

355 2558 468 2597 latum
495 2562 617 2596 abiere
642 2562 676 2594 A
747 2562 812 2595 538
835 2561 951 2596 hemC
1026 2563 1092 2596 539
1117 2562 1288 2596 redactus
1362 2561 1483 2594 istunc
1508 2559 1576 2594 BC
1651 2562 1718 2595 540
1741 2572 1762 2595 a
1786 2572 1844 2596 me
1868 2606 1871 2610 Ι

358 2619 543 2654 audiueris
570 2619 615 2661 A,
643 2629 701 2651 me
727 2618 912 2652 audiueris
938 2617 984 2661 B,
1012 2630 1090 2653 mea
1115 2618 1301 2652 audiueris
1330 2617 1359 2652 Ο
1496 2619 1557 2651 541
1586 2617 1710 2661 fulgur
1735 2617 1794 2652 lta
1819 2617 1848 2653 C

358 2677 424 2710 543
450 2675 599 2720 galabre
627 2674 657 2709 Ο
756 2674 838 2708 hem
866 2674 901 2716 C',
926 2676 1016 2710 haec
1043 2676 1075 2708 A
1189 2679 1243 2709 est
1268 2685 1331 2709 om.
1358 2673 1393 2708 Β
1508 2675 1573 2708 544
1598 2674 1778 2718 pacientis
1803 2681 1845 2708 εὶῑ

357 2743 466 2767 muno
492 2737 522 2766 si
547 2731 596 2775 B,
623 2730 801 2775 pacientis
828 2743 907 2765 sum
934 2743 1021 2766 mun
1049 2731 1076 2766 O
1166 2733 1231 2765 545
1257 2742 1402 2765 menses
1503 2732 1568 2764 546
1593 2742 1742 2775 eampas
1768 2730 1844 2772 Bo,

358 2789 554 2833 Campanis
579 2789 611 2823 A
693 2777 770 2821 *548
795 2788 973 2831 patientia
1066 2789 1133 2822 550
1156 2788 1273 2822 molos
1302 2787 1330 2821 Ο
1422 2787 1520 2820 dicet
1547 2786 1576 2821 C
