2009 3218
106 176 132 213 Ι.
159 176 191 218 2,
217 175 338 216 85—3,
363 175 384 208 6
776 172 935 209 Rudenn.
1545 177 1596 215 95

105 302 163 346 Ut
193 314 295 356 prae
326 301 480 342 timore
510 300 553 341 in
587 313 729 353 genua
759 300 800 341 in
834 298 974 341 undas
1006 300 1210 342 concidit.

104 373 294 424 Saluast3
327 373 470 414 euasit
500 386 552 414 ex
583 385 720 425 aqua;
752 372 839 413 iam
870 372 913 413 in
945 371 1070 414 litore
1104 377 1181 414 est.

104 445 188 490 Sed
219 445 549 487 dextrouorsum
579 457 740 485 auorsa
770 444 806 485 it
834 444 877 485 in
910 443 1066 485 malam
1100 457 1282 486 crucem.
1536 456 1598 490 175

105 517 197 567 Em,
228 516 392 559 errabit
422 515 549 558 illaec
580 515 722 557 hodie.

707 595 1000 637 Daemones

768 667 880 717 Quid
912 667 956 709 id
988 667 1121 710 refert
1152 669 1257 710 tua?

706 747 998 799 Sceparnio

106 818 148 862 Si
180 819 234 862 ad
269 833 432 869 saxum,
465 834 548 874 quo
582 821 782 874 capessit,
816 834 867 861 ea
900 820 1100 862 deorsum
1134 820 1263 871 cadit,

106 891 347 933 Errationis
379 891 529 934 fecerit
562 893 862 947 conpendium.

708 972 1001 1014 Daemones

106 1043 150 1086 Si
181 1048 228 1086 tu
261 1043 314 1086 de
344 1044 515 1086 illarum
550 1049 785 1086 cenaturus
816 1045 988 1098 uesperi
1021 1059 1079 1095 es,

107 1115 196 1158 Illis
227 1116 463 1158 curandum
497 1130 662 1168 censeo,
697 1116 951 1170 Sceparni03
1538 1129 1602 1162 180

106 1187 148 1230 Si
181 1188 295 1242 apud
328 1203 394 1230 me
427 1203 601 1231 essurus
633 1203 684 1241 es,
719 1189 821 1230 mihi
854 1189 949 1231 dari
982 1203 1159 1244 operam
1190 1189 1303 1232 uolo.

707 1268 1001 1321 Sceparnio

106 1339 272 1382 Bonum
305 1355 578 1396 aequomque
610 1354 720 1383 oras.

709 1420 999 1464 Daemones

778 1493 968 1549 Sequere
1000 1509 1067 1536 me
1098 1494 1181 1537 hac
1213 1498 1329 1549 ergo'.

703 1573 993 1627 Sceparnio

1393 1646 1572 1700 Sequor.

692 1959 942 2003 PALAEST
951 1962 1021 2009 BA

106 2071 245 2114 Nimio
277 2071 497 2114 hominum
535 2072 733 2116 fortunae
764 2076 907 2117 minus
939 2076 1117 2118 miserae
1150 2078 1448 2118 memorantur

113 2143 245 2197 Quam
275 2158 396 2198 quom
427 2145 694 2200 experiundo
727 2147 762 2188 is
795 2147 926 2190 datur
957 2148 1177 2190 acerbum.

107 2214 228 2258 Satin
258 2215 339 2259 hoc
371 2216 450 2260 deo
479 2218 770 2272 conplacitum
807 2223 885 2270 est,
918 2233 983 2262 me
1010 2219 1091 2262 hoc
1123 2224 1281 2262 ornatu
1307 2224 1506 2263 ornatam
1536 2231 1601 2265 185

106 2287 155 2329 In
183 2289 372 2332 incertas
403 2292 600 2344 regiones
634 2291 830 2332 timidam
863 2293 1076 2333 eiectam?

108 2359 302 2404 Hancine
335 2375 414 2416 ego
445 2362 501 2404 ad
532 2377 620 2404 rein
654 2368 803 2404 natam
836 2364 1039 2405 miseram
1071 2377 1134 2405 me
1164 2363 1444 2407 memorabo?

109 2430 232 2474 Hanc
262 2447 340 2487 ego
372 2438 539 2489 partem
573 2436 700 2486 capio
733 2435 786 2476 ob
820 2435 1026 2487 pietatem
1059 2437 1371 2491 praecipuam?

222 2592 286 2627 175
310 2603 440 2628 auersa
536 2595 598 2627 176
623 2593 707 2628 hem
736 2593 766 2628 G
830 2581 836 2586 ¹
858 2594 920 2628 178
946 2593 1090 2630 fecerat
1115 2594 1150 2630 B
1245 2597 1309 2631 179
1335 2595 1392 2630 Sit
1415 2598 1456 2630 tu
1482 2594 1518 2630 B

108 2651 303 2684 cenaturus
327 2660 373 2684 ue
397 2650 516 2694 peries
625 2651 687 2684 183
713 2651 847 2685 misere
965 2652 1028 2686 184
1054 2651 1168 2696 Quam
1195 2664 1306 2697 quom
1332 2652 1465 2688 lacuna
1559 2653 1603 2686 iis

111 2705 174 2738 187
199 2704 300 2740 Satin
327 2706 459 2742 lacuna
641 2708 703 2740 187
728 2719 780 2751 sq.
806 2706 972 2742 Hancine
997 2719 1067 2752 ego
1093 2712 1233 2753 partem
1258 2708 1288 2744 0
1308 2709 1454 2744 omissis
1479 2709 1605 2744 mediis

113 2760 175 2795 187
201 2773 259 2797 me
285 2773 352 2798 om.
378 2763 413 2797 B
509 2764 572 2798 188
597 2763 762 2798 Hancine
784 2763 819 2797 B
