2009 3218
115 206 178 250 111,
204 208 236 250 2,
260 208 383 250 44—3,
411 207 447 240 11
778 207 938 241 Rudene.
1522 211 1597 248 125

715 331 994 374 Daemones

225 405 382 446 lterum
417 409 557 445 autem
587 404 842 457 imperabo?
904 404 1142 458 Sequimini
1175 404 1268 445 hac.

716 506 1001 548 Trachalio

1236 578 1323 632 Age
1356 593 1470 621 nune
1500 579 1600 629 iam,

112 651 214 694 Iube
245 650 392 692 oculos
425 649 598 699 elidere,
631 650 783 692 itidem
816 655 864 692 ut
896 651 1028 704 sepiis
1061 650 1226 692 faciunt
1257 651 1398 705 coqui.

718 752 1002 794 Daemones

113 825 326 879 Proripite
358 824 575 867 hominem
607 824 792 879 pedibus
822 825 903 866 huc
928 825 1077 866 itidem
1104 826 1225 879 quasi
1251 825 1439 866 occisam
1466 839 1599 866 suem.

717 919 993 961 Trachalio

115 991 249 1034 Audio
280 991 536 1043 tumultum3
568 992 732 1046 opinor,
765 990 862 1032 leno
894 993 1052 1045 pugnis
1083 992 1285 1046 pectitur.
1537 1003 1604 1035 650

114 1065 248 1107 Nimis
278 1063 409 1106 uelim
440 1063 760 1118 inprobissumo
793 1063 956 1105 homini
990 1063 1126 1105 malas
1157 1062 1474 1106 edentauerint.

115 1136 197 1179 Sed
228 1149 350 1178 eccas
381 1137 499 1190 ipsae
531 1135 615 1177 huc
646 1135 928 1189 egrediuntur
958 1135 1136 1177 timidae
1170 1149 1191 1177 e
1223 1136 1323 1177 fano
1359 1135 1571 1178 mulieres.

246 1466 616 1509 PALAESTRA.
678 1466 1053 1509 AMPELJSGA.
1119 1466 1483 1510 TRACHALIO.

725 1593 999 1634 Palaestra

117 1663 241 1706 Nunc
271 1664 315 1706 id
348 1670 424 1717 est,
455 1661 585 1719 quom
616 1666 806 1707 omnium
837 1666 1060 1718 copiarum
1091 1670 1223 1719 atque
1256 1679 1400 1719 opum,

118 1743 272 1795 Auxili‚
305 1744 495 1798 praesidi
528 1745 716 1787 uiduitas
748 1759 827 1786 nos
859 1749 990 1786 tenet.

118 1815 207 1858 Nec
237 1816 349 1858 locus
378 1830 455 1858 nec
485 1818 603 1859 uiast
634 1831 745 1871 quae
777 1816 962 1858 salutem
994 1815 1176 1867 adferat,
1542 1827 1610 1862 655

103 1887 264 1944 *Neque
294 1889 395 1935 adeo
428 1902 551 1942 quam
581 1889 627 1930 in
648 1892 823 1941 partem
857 1888 1026 1941 ingredi
1057 1902 1370 1942 persequamur

117 1958 268 2014 Liquet
296 1959 440 2012 nobis;
470 1964 585 2003 tanto
615 1962 659 2002 in
690 1965 808 2002 metu
839 1974 954 2002 nune
986 1975 1135 2003 sumus
1166 1960 1341 2013 ambae;

121 2031 251 2074 Tanta
281 2033 570 2087 inportunitas
600 2037 810 2087 tantaque
842 2033 1000 2074 iniuria

120 2101 248 2146 Facta
278 2105 321 2145 in
351 2120 430 2148 nos
461 2110 528 2147 est
560 2105 686 2147 modo
719 2105 788 2147 hic
818 2109 934 2147 intus
965 2104 1020 2147 ab
1052 2109 1204 2148 nostro
1237 2119 1324 2158 ero,

123 2174 202 2228 Qui
231 2177 438 2219 scelestus
471 2177 742 2219 sacerdotem
773 2191 901 2218 anum
935 2179 1157 2231 praecipes
1542 2189 1610 2223 660

120 2247 334 2302 Reppulit,
367 2249 559 2304 propulit
590 2263 796 2304 perquam
828 2248 1017 2302 indignis
1049 2248 1188 2291 modis

119 2318 289 2375 Nosque
319 2320 375 2362 ab
406 2322 528 2374 signo
560 2321 725 2362 intumo
759 2322 800 2362 ui
833 2321 1022 2375 deripuit
1055 2335 1146 2363 sua.

119 2389 243 2434 Nunc
274 2406 365 2434 sese
398 2397 446 2434 ut
475 2393 618 2434 ferunt
649 2407 716 2434 res
749 2393 1034 2448 fortunaeque
1064 2397 1274 2444 nostrae‚‘

230 2563 297 2597 647
319 2567 385 2598 aut
409 2561 446 2601 0,
469 2562 568 2596 haud
592 2561 628 2596 B
716 2562 784 2596 648
807 2561 900 2595 Iube
926 2553 972 2596 ἦ)
998 2562 1128 2597 oculos
1154 2561 1190 2596 B
1280 2562 1402 2607 sepius
1430 2562 1460 2598 Ο
1542 2563 1609 2598 649

121 2615 303 2663 Porrigite
327 2618 363 2653 Β
432 2619 554 2653 occisa
581 2618 610 2653 C'
688 2619 756 2652 650
779 2618 957 2663 plectitur
983 2618 1013 2654 C
1090 2620 1154 2653 651
1181 2619 1460 2663 improuissimo
1516 2621 1609 2654 <652

123 2683 207 2709 ecce
231 2675 266 2710 B
351 2675 422 2709 huc
447 2686 512 2710 om.
539 2675 568 2710 C
647 2674 788 2708 efandae
815 2674 860 2715 B7
887 2675 1049 2710 aefandae
1078 2675 1108 2710 C
1194 2677 1376 2711 655-660
1399 2676 1510 2711 initia
1534 2688 1608 2711 ver·

122 2735 225 2766 mm
247 2732 380 2767 lacuna
403 2732 528 2766 hausit
624 2733 693 2766 660
717 2731 873 2765 scolestn
899 2732 935 2766 B
1028 2733 1095 2766 662
1119 2732 1238 2766 uideri
1263 2735 1387 2777 potuit
1413 2732 1443 2768 G
1542 2734 1608 2767 663

101 2785 197 2826 ,Sed
221 2799 318 2823 nune
