2009 3218
376 173 458 212 320
986 221 989 223 -
1053 166 1171 201 Plauti
1587 167 1648 211 iv,
1675 169 1706 209 3,
1735 169 1865 204 18—33

373 295 467 336 Nisi
493 294 624 335 etiam
647 292 842 334 laborem
869 291 923 332 ad
950 291 1153 332 damnum
1180 292 1397 345 adponam
1414 293 1654 346 epithecam
1672 294 1861 347 insuper.

321 358 326 362 ’
372 365 486 415 Quin
516 369 563 406 tu
595 364 710 418 quod
742 363 870 418 periit
900 363 1077 416 periisse
1109 363 1260 404 ducis‘?
1293 377 1399 416 cape
1431 365 1696 416 uorsoriam;
1776 377 1861 412 1026

375 437 534 489 Recipe
566 440 609 476 te
641 435 695 477 ad
729 449 860 476 erum.

965 528 1273 570 Charmides

757 600 852 642 Non
884 599 1114 652 fugitiuost
1143 600 1214 641 hic
1246 599 1394 651 homo;
1427 602 1703 644 conmeminit
1735 602 1862 645 domi.

979 701 1258 743 Stasimus

374 775 552 816 Utinam
585 778 756 816 ueteres
788 774 1008 816 hominum
1037 787 1184 816 mores.
1217 778 1388 815 ueteres
1420 775 1708 828 parsimoniae

375 846 524 887 Potius
556 846 599 886 in
630 847 782 887 maiori
813 845 974 887 honore
1006 845 1075 886 hic
1107 850 1253 886 essent
1285 859 1415 899 quam
1446 860 1584 888 mores
1615 848 1728 889 mali.

967 946 1275 988 Charmides·

374 1020 428 1060 Di
459 1019 725 1067 inmortales,
758 1018 939 1060 basilica
970 1018 1040 1059 hic
1071 1018 1243 1070 quidem
1276 1018 1470 1060 facinora
1499 1020 1693 1073 inceptat
1724 1021 1863 1074 loqui;

375 1091 537 1133 Uetera
561 1091 744 1144 quaerit,
771 1094 923 1131 uetera
947 1103 1091 1130 amare
1115 1089 1229 1130 hunc
1254 1103 1371 1131 more
1387 1090 1598 1133 maiorum
1618 1093 1743 1133 scias.
1778 1105 1860 1138 1031

984 1183 1256 1227 Stasimus

373 1257 484 1298 Nam
509 1270 622 1298 nunc
645 1257 838 1298 homines
865 1255 990 1297 nihili
1014 1253 1180 1296 faciunt
1203 1255 1319 1308 quod
1344 1255 1457 1306 licet,
1483 1257 1564 1297 nisi
1590 1258 1703 1310 quod
1730 1258 1861 1301 lubet.

372 1328 562 1370 Ambitio
595 1329 679 1369 iam
711 1342 828 1370 more
861 1331 1069 1376 sanctast,
1100 1326 1283 1368 liberast
1315 1341 1340 1367 a
1371 1327 1558 1380 legibus;

374 1400 509 1442 Scuta
538 1401 679 1442 iacere
711 1400 946 1454 fugereque
978 1398 1114 1440 hostis
1148 1412 1264 1440 more
1295 1398 1458 1440 habent
1488 1399 1727 1450 licentiam;

373 1472 526 1514 Petere
557 1473 763 1513 honorem
796 1486 871 1525 pro
904 1471 1070 1522 flagitio
1105 1483 1219 1510 more
1251 1469 1311 1510 fit.
1606 1465 1613 1473 “

964 1564 1271 1607 Charmides

1306 1636 1468 1678 Morem
1500 1637 1741 1691 inprobum.
1779 1649 1862 1682 1035

985 1723 1011 1764 S
1023 1728 1038 1764 t
1051 1737 1076 1764 a
1088 1738 1106 1764 s
1118 1724 1131 1763 i
1143 1737 1182 1763 m
1194 1738 1220 1764 u
1235 1737 1253 1764 s

375 1796 636 1838 Strenuosos
669 1797 905 1850 praeterire
940 1809 1056 1836 more
1087 1794 1146 1835 fit.

963 1888 994 1930 C
1006 1889 1033 1930 h
1046 1903 1100 1930 ar
1112 1889 1251 1929 mide
1265 1903 1283 1929 s

1149 1960 1348 2014 Nequam
1380 1960 1566 2014 quidem.

991 2053 1263 2095 Stasimus

374 2128 518 2170 Mores
549 2129 665 2181 leges
698 2127 994 2180 perduxerunt
1024 2127 1108 2167 iam
1142 2127 1183 2167 in
1216 2130 1484 2179 potestatem
1516 2139 1652 2177 suam,

377 2201 599 2253 Magisque
631 2201 667 2240 is
699 2204 799 2240 sunt
831 2199 1095 2239 obnoxiosae
1129 2212 1255 2251 quain
1289 2202 1491 2251 parentes
1522 2197 1684 2248 liberis,

379 2271 433 2312 Et
464 2272 645 2312 miserae
676 2272 807 2312 etiam
840 2270 894 2311 ad
928 2270 1140 2323 parietem
1172 2276 1271 2310 sunt
1302 2268 1411 2310 fixae
1444 2268 1578 2310 clauis
1610 2268 1772 2319 ferreis,

381 2342 463 2384 Ubi
498 2342 632 2383 malos
667 2356 804 2383 mores
838 2341 967 2395 adfigi
999 2342 1128 2382 nimio
1160 2340 1302 2382 fuerat
1335 2341 1533 2394 aequius.
1783 2351 1867 2384 1040

496 2501 579 2533 1025
605 2499 820 2543 apothecam
960 2500 1045 2532 1027
1074 2508 1100 2533 ω
1125 2509 1189 2532 om.
1322 2498 1406 2531 huic
1434 2496 1463 2531 G
1590 2499 1675 2531 1028
1699 2496 1867 2531 homines

384 2557 468 2590 1029
495 2556 620 2589 Potius
646 2556 775 2589 maiori
802 2556 932 2589 honori
1007 2556 1091 2589 1031
1119 2565 1199 2598 quse
1225 2553 1309 2588 Erit
1331 2552 1358 2588 Ο
1427 2564 1566 2587 morem
1642 2554 1726 2587 1032
1773 2562 1869 2587 nunc

381 2623 500 2646 mores
527 2612 615 2646 nihil
735 2613 819 2646 1033
847 2613 1011 2656 Ampitio
1038 2610 1066 2645 Ο
1181 2612 1267 2645 1035
1293 2610 1431 2644 honore
1548 2617 1574 2643 ω
1599 2619 1663 2643 om.
1785 2607 1868 2642 1036

381 2678 550 2703 strenuos
623 2668 718 2703 idem
735 2668 762 2702 C
836 2670 919 2703 1033
946 2669 1060 2712 magis
1083 2670 1142 2712 qui
1167 2674 1253 2702 suut
1324 2666 1430 2700 liberi
1506 2666 1591 2699 1039
1617 2665 1670 2699 Ea
1694 2665 1868 2699 miserere

473 2725 543 2759 fixe
