2009 3218
331 206 354 244 5
362 205 412 243 '72
943 199 1191 234 Trinummus.

330 332 506 369 dimeter.
558 330 636 367 239
655 329 821 366 creticus
839 329 1024 365 trimeter.
1083 329 1161 366 240
1179 327 1366 365 iambicus
1385 328 1616 365 octonarius.
1673 328 1809 365 241--

330 399 381 437 43
414 398 634 435 tetrametri
666 397 903 445 anapaestici.
975 397 1166 434 244-45
1199 396 1396 446 plerisque
1426 395 1648 432 tetrametri
1679 395 1810 432 cretici

330 466 544 503 catalectici
575 464 771 510 videntur,
804 463 1013 514 Spengelio
1036 464 1194 501 dimetri
1219 463 1457 513 anapaestici.
1520 463 1598 500 246
1623 462 1808 500 iambicus

329 534 494 571 dimeter
523 546 610 570 cum
640 532 822 570 trochaeo.
885 532 963 568 247
995 535 1147 570 constat
1178 545 1224 569 ex
1255 530 1415 579 dipodia
1444 531 1619 575 iambica,
1652 529 1808 576 cretico,

330 601 482 639 duobus
499 602 718 651 anapaestis.
767 600 846 637 248
863 600 1012 636 similis.
1057 600 1135 637 249
1155 599 1288 636 dimet.
1308 611 1420 646 anap.
1464 598 1545 635 250
1561 597 1698 634 similis
1717 597 1807 634 247.

331 670 407 707 251
450 669 587 706 dimet.
629 680 741 717 anap.
804 668 884 706 252
921 671 1073 704 tetram.
1115 680 1226 716 anap.
1304 667 1382 704 253
1428 665 1648 702 trochaicus
1686 667 1810 714 septe·

331 738 476 775 narius.
548 736 628 774 254
661 749 717 785 sq.
758 735 946 773 iambicus
986 735 1210 772 octonarius
1250 747 1333 771 cum
1373 733 1557 771 clausula.
1620 733 1810 770 256-58

331 804 557 855 anapaestici
588 803 758 841 dimetri.
829 804 906 840 259
940 816 998 851 sq.
1030 802 1218 839 iambicus
1257 802 1480 839 octonarius
1512 814 1596 838 cum
1628 800 1810 839 clausula.

329 873 522 911 261—68
554 871 783 921 anapaestici
815 870 983 908 dimetri.
1047 869 1239 907 269—70
1271 872 1500 906 tetrameter-
1530 870 1694 906 creticus
1725 881 1808 906 cum

327 940 454 978 tribus
493 940 712 989 anapaestis.
789 939 982 976 271-72
1014 938 1120 974 item.
1197 938 1275 976 273
1319 937 1484 974 dimeter
1522 938 1687 974 creticus
1725 949 1810 974 cum

329 1008 481 1046 duobus
513 1007 734 1058 anapaestis.
803 1007 882 1043 274
909 1017 962 1040 =
989 1006 1082 1043 247.
1152 1006 1244 1052 275,
1277 1006 1310 1042 si
1341 1005 1472 1042 hiatur
1502 1008 1591 1054 post
1618 1001 1808 1055 qratiam,

326 1077 492 1114 :273.
555 1076 747 1114 276-77
781 1074 937 1111 dimetri
969 1074 1207 1123 anapaestici.

441 1145 534 1182 224.
581 1143 784 1192 Lysiteles,
821 1142 930 1179 bonae
962 1141 1067 1189 frugi
1097 1141 1336 1188 adolescens,
1368 1144 1414 1179 ut
1442 1154 1581 1179 nomen
1612 1140 1760 1178 indicat
1790 1153 1812 1178 a

327 1215 520 1249 λυσιτελεῖν
543 1212 716 1256 ductum,
749 1212 861 1260 quasi
893 1209 1124 1255 deliberans,
1157 1214 1286 1246 utrum
1320 1210 1442 1246 amori
1474 1213 1512 1246 et
1546 1209 1740 1258 voluptati
1769 1221 1810 1246 se

327 1280 448 1317 dedat
479 1294 528 1317 an
559 1279 767 1327 frugaliter
798 1280 916 1325 vivat,
947 1278 1054 1315 illius
1087 1279 1174 1315 vitae
1205 1278 1311 1315 vitiis
1342 1279 1516 1325 graviter
1553 1276 1810 1326 reprehensis,

326 1347 426 1385 hanc
464 1361 504 1385 se
542 1350 735 1385 rationem
775 1346 959 1396 praeferre
996 1346 1241 1395 pronuntiat.
1317 1342 1483 1391 simitu,
1523 1345 1657 1391 simul,
1697 1357 1731 1381 v.
1763 1344 1811 1382 ad

327 1417 466 1466 Amph.
488 1417 580 1454 625.
605 1435 660 1441 -
686 1416 779 1452 225.
810 1410 1061 1462 indipiscom
1096 1414 1140 1451 cf.
1161 1413 1280 1451 Stich.
1303 1415 1394 1451 565.
1419 1432 1474 1438 --
1500 1413 1591 1450 226.
1623 1421 1749 1462 coquo
1765 1412 1821 1459 A,

327 1485 352 1521 i.
386 1497 419 1522 e.
454 1496 570 1530 vex0,
617 1484 663 1521 cf.
695 1482 794 1520 Enn.
836 1496 898 1532 ap.
942 1482 1018 1520 Cic.
1052 1482 1136 1520 Cat.
1177 1482 1264 1518 mai.
1306 1482 1420 1523 init..
1460 1481 1572 1528 Verg.
1606 1480 1695 1518 ΖΕΗ.
1727 1480 1809 1528 VII,

329 1553 422 1591 345.
454 1572 508 1578 -
540 1546 718 1601 defetiyo
748 1550 794 1588 A.
836 1571 875 1575 —
938 1553 1030 1589 227.
1069 1546 1272 1589 exercitor
1300 1550 1439 1586 ultima.
1468 1550 1602 1599 longa,
1642 1561 1678 1587 v,
1710 1548 1812 1587 Prol.

325 1635 363 1671 p.
400 1622 477 1658 196
510 1634 566 1669 sq.
597 1639 646 1645 -
679 1629 789 1658 nunc
811 1619 856 1656 A.
889 1639 936 1644 —-
972 1620 1064 1657 228.
1099 1615 1322 1668 cogitatum
1352 1618 1416 1655 est
1445 1618 1489 1654 A.
1525 1637 1577 1643 —-
1611 1618 1703 1655 231.
1735 1612 1808 1665 rei,

327 1689 507 1738 quaestui.
540 1707 594 1713 --
624 1683 684 1725 sit
712 1688 757 1725 A.
791 1707 844 1713 —
877 1688 956 1725 232
989 1701 1046 1737 sq.
1081 1687 1236 1736 spurios
1266 1685 1412 1723 habent
1443 1685 1486 1724 R.
1516 1685 1575 1723 Fl.
1600 1685 1682 1723 Wr.
1714 1686 1841 1723 mira·

327 1756 374 1793 de
407 1769 540 1804 causa,
585 1757 676 1805 quia
714 1756 855 1793 similia
895 1756 972 1793 sint
1001 1755 1142 1805 Amph.
1177 1755 1274 1792 627:
1328 1754 1460 1799 „Satin
1499 1767 1624 1804 parua
1662 1767 1724 1791 res
1755 1756 1814 1791 est

326 1825 576 1874 uoluptatum
619 1826 658 1861 in
699 1825 783 1861 uita
823 1827 941 1873 atque
971 1825 1012 1860 in
1044 1826 1172 1860 aetate
1203 1821 1398 1872 agunda“.
1457 1822 1532 1860 Sed
1563 1821 1661 1858 illud
1693 1822 1813 1859 anim-

328 1892 623 1938 advertendum,
666 1892 735 1929 hos
767 1905 901 1929 versus
933 1904 1017 1928 cum
1049 1892 1229 1940 sequenti
1260 1890 1478 1938 iungendos
1510 1903 1593 1927 esse
1623 1902 1693 1927 nec
1723 1891 1812 1940 post

334 1959 574 2008 „agundam“
611 1960 727 2009 plene
757 1959 1126 2010 interpungendum.
1166 1979 1220 1985 —
1260 1960 1351 1997 234.
1390 1955 1499 1996 satis
1536 1954 1664 2005 haud,
1696 1970 1732 1994 v.
1764 1955 1812 1994 ad

326 2029 414 2066 Aul.
435 2030 529 2066 224.
548 2025 717 2075 -ηῑζςέ,
753 2028 802 2065 ad
819 2028 906 2065 Aul.
927 2029 1019 2065 357.
1039 2047 1093 2052 —-
1118 2023 1179 2065 sic
1204 2028 1249 2064 A.
1275 2047 1327 2052 —
1361 2028 1453 2064 235.
1495 2021 1551 2065 Ut
1566 2027 1609 2063 A.
1631 2045 1682 2050 —·
1703 2033 1811 2073 reus,

327 2097 372 2133 cf.
406 2098 455 2134 ad
487 2097 580 2134 220.
616 2116 664 2122 -
701 2097 793 2134 237.
825 2096 922 2134 Post
953 2105 1070 2144 quem
1102 2096 1252 2142 hiatur;
1284 2094 1345 2132 Fl.
1383 2091 1652 2144 „quemnam“.
1685 2112 1740 2119 —
1769 2102 1812 2131 se

327 2161 550 2213 expediant
573 2165 619 2211 A,
652 2166 676 2202 i.
696 2178 727 2201 e.
753 2178 794 2202 se
822 2163 1043 2202 ostendant.
1076 2183 1132 2188 —
1163 2165 1257 2201 239.
1292 2159 1501 2209 Postulat,
1534 2163 1580 2199 cf.
1607 2161 1655 2199 ad
1672 2160 1809 2210 Amph.

329 2234 419 2271 357.
452 2252 507 2257 -
539 2230 583 2270 in
605 2229 760 2282 plaqas
791 2229 982 2278 conicere,
1013 2235 1059 2269 ut
1090 2232 1325 2281 compellere
1356 2231 1473 2269 Poen.
1508 2231 1600 2270 647.
1634 2248 1688 2255 -·
1719 2229 1810 2267 240.

323 2296 429 2348 petit
457 2301 502 2337 A.
553 2319 600 2325 -
649 2297 863 2338 blanditur
902 2313 987 2337 cum
1027 2299 1237 2337 Ritschelio
1287 2301 1460 2349 spuriifm
1504 2299 1646 2345 habe0;
1698 2297 1811 2348 plura

328 2369 429 2405 enim
470 2369 509 2405 in
550 2368 622 2405 hoc
661 2370 811 2406 cantico
852 2368 994 2406 similia
1033 2368 1303 2405 additamenta
1343 2368 1405 2405 vel
1444 2368 1678 2417 glossemata
1707 2367 1809 2403 inve-

327 2437 498 2482 niuntur‚
546 2449 581 2473 v.
616 2438 717 2483 241,
766 2437 859 2474 242.
899 2456 953 2461 -
1001 2431 1050 2474 ab
1095 2447 1156 2481 re,
1205 2439 1341 2473 contra
1386 2449 1485 2481 rem,
1525 2449 1560 2474 v.
1607 2434 1655 2471 ad
1700 2433 1809 2483 Capt.

329 2505 421 2541 337.
455 2523 502 2529 —
540 2504 632 2541 241.
671 2501 870 2553 harpaqo,
911 2517 1045 2554 rapax.
1122 2513 1289 2552 cuppes,
1337 2504 1589 2553 cupediarum
1627 2504 1808 2539 sectator.

326 2573 504 2611 Loewius
522 2573 621 2609 Ann.
649 2572 742 2622 phil.
763 2572 848 2610 CXI
879 2586 915 2622 p.
952 2574 1029 2609 533
1063 2585 1108 2608 ex
1139 2570 1279 2609 Isidori
1309 2572 1426 2620 gloss.
1460 2570 1589 2607 affert:
1626 2581 1807 2619 „cuppes,

325 2641 565 2686 fastidiosus,
619 2640 822 2689 superbus,
876 2639 1078 2689 cupidus“.
1127 2659 1180 2664 ·-
1220 2649 1374 2677 auarus
1399 2639 1475 2675 del.
1513 2639 1643 2675 Herm.
1675 2636 1719 2674 R.
1754 2653 1804 2661 -

325 2706 508 2758 eleyans,
554 2707 691 2745 ultima
723 2708 871 2754 syllaba
902 2720 974 2758 pro
1006 2707 1113 2745 brevi
1144 2711 1215 2744 est.
1285 2707 1381 2745 Gell.
1411 2706 1477 2752 XI,
1512 2707 1555 2744 2:
1612 2704 1804 2752 „Elegans

327 2777 440 2814 homo
473 2789 547 2813 non
580 2776 783 2813 dicebatur
815 2788 900 2812 cum
932 2776 1056 2822 laude,
1098 2775 1166 2812 sed
1198 2775 1236 2812 id
1269 2775 1349 2812 fere
1381 2775 1541 2812 verbum
1573 2773 1621 2810 ad
1652 2775 1804 2810 aetatem
