2009 3218
346 189 426 228 298
1022 186 1141 220 Plauti
1488 184 1556 229 111,
1581 187 1612 229 2,
1636 187 1725 221 89—
1749 188 1780 227 3,
1805 187 1826 221 2

344 311 417 353 Sin
448 310 576 353 aliter
606 310 824 353 animatus
856 326 915 363 es,
946 311 1055 353 bene
1087 311 1203 365 quod
1235 325 1339 364 agas
1371 311 1544 370 eueniat
1574 311 1675 362 tibi;

344 381 436 435 Ego
468 382 631 424 amicus
663 397 896 437 numquam
927 382 1007 424 tibi
1039 396 1111 424 ero
1137 383 1222 425 alio
1248 386 1395 441 pact03
1427 383 1486 424 sic
1511 384 1725 425 sententia
1748 388 1825 425 est.

953 498 1216 541 Stasimus

343 570 462 612 Abiit
492 570 635 612 hercle
666 570 752 612 ille.
813 571 981 625 Ecquid
1014 570 1150 622 audis,
1185 571 1425 625 Lysiteles?
1457 585 1536 625 ego
1567 576 1610 613 te
1642 571 1755 613 uolo.

344 641 425 684 Hic
463 655 633 697 quoque
672 642 771 684 hinc
801 642 923 684 abiit.
984 642 1188 693 Stasime,
1229 647 1370 685 restas
1410 643 1538 685 solus.
1601 642 1712 692 Quid
1751 657 1828 697 ego

1291 728 1406 756 nunc
1437 728 1575 768 agam,
1763 726 1831 759 ¹720

343 785 437 826 Nisi
469 785 531 826 uti
564 786 781 827 sarcinam
822 787 1115 839 constringam
1158 790 1202 828 et
1232 786 1430 840 clupeum
1463 786 1518 828 ad
1550 786 1724 829 dorsum
1756 786 1830 828 ad-

1291 858 1570 909 commodem,

345 929 594 970 Fulmentas
625 929 798 971 iubeam
830 930 1030 983 suppingi
1062 930 1229 971 soccis?
1290 930 1383 971 Non
1416 921 1511 971 sisti
1542 934 1707 984 potest3

344 1000 482 1043 Uideo
514 1001 707 1043 caculam
739 1001 967 1043 militarem
1000 1015 1066 1042 me
1097 1001 1290 1043 futurum
1321 1001 1436 1043 haud
1467 1002 1648 1055 longius.

343 1072 478 1126 Atque
515 1072 701 1127 aliquem
743 1073 797 1114 ad
835 1086 979 1126 regem
1017 1074 1060 1114 in
1101 1074 1297 1126 saginam
1338 1074 1374 1115 si
1413 1087 1511 1115 erus
1553 1088 1598 1116 se
1644 1075 1831 1116 coniexit

1293 1159 1424 1196 meus,

344 1216 482 1258 Credo
514 1217 569 1258 ad
602 1230 791 1258 summos
822 1216 1056 1258 bellatores
1088 1230 1231 1258 acrem
1263 1216 1493 1270 fugitorem
1524 1217 1627 1268 fore,
1764 1228 1831 1262 725

345 1289 400 1330 Et
430 1293 659 1343 capturum
691 1288 831 1342 spolia
861 1288 982 1330 illum
1015 1289 1089 1342 qui
1120 1302 1216 1330 meo
1248 1303 1320 1331 ero
1353 1289 1565 1331 aduorsus
1595 1289 1778 1331 uenerit.

344 1360 526 1413 Egomet
563 1365 709 1402 autem
741 1374 867 1414 quom
904 1360 1117 1414 extemplo
1150 1374 1297 1402 arcum
1330 1365 1372 1402 et
1403 1361 1656 1415 pharetram
1688 1365 1731 1402 et
1762 1373 1830 1402 sa-

1293 1434 1425 1487 gittas
1458 1445 1696 1486 sumpsero,

345 1503 570 1546 Cassidem
600 1505 643 1545 in
675 1508 820 1558 caput,
854 1503 1050 1546 dormibo
1083 1503 1300 1558 placidule
1331 1506 1374 1546 in
1405 1503 1704 1546 tabernaculo.

344 1577 409 1618 Ad
439 1576 580 1619 forum
610 1575 704 1628 ib03
736 1576 894 1617 nudius
927 1580 1073 1618 sextus
1106 1577 1208 1630 quoi
1238 1576 1450 1619 talentum
1483 1581 1681 1618 mutuum
1762 1587 1830 1621 '729

346 1648 465 1700 Dedi,
497 1662 730 1703 reposcam,
762 1653 810 1690 ut
840 1647 1026 1690 habeam
1058 1662 1223 1690 mecum
1255 1649 1370 1703 quod
1401 1649 1537 1690 feram
1567 1648 1787 1690 uiaticum.

488 2044 962 2090 MEGARONIDES
1024 2046 1363 2090 GALLIGLES
1421 2045 1596 2088 SENES
1628 2045 1669 2087 11
1757 2045 1832 2088 DU

897 2176 1278 2230 Megaronides

347 2249 406 2292 Ut
437 2248 542 2290 mihi
573 2263 663 2291 rem
695 2262 860 2300 narras,
893 2247 1106 2299 Callicles,
1136 2247 1254 2290 nullo
1286 2247 1413 2290 modo

344 2321 451 2363 Pote
482 2321 575 2362 fieri
607 2335 764 2375 prosus
797 2321 901 2375 quin
933 2320 1010 2362 dos
1043 2319 1170 2362 detur
1200 2319 1368 2373 uirgini.

458 2480 524 2512 717
550 2480 695 2514 eueniet
766 2480 832 2513 718
857 2479 887 2513 si
959 2480 1025 2513 719
1051 2479 1111 2512 ille
1138 2479 1285 2523 quidem
1313 2477 1444 2522 ecquid
1515 2476 1655 2520 lystelis
1681 2476 1725 2519 Β,
1751 2475 1836 2520 lysi-

346 2537 430 2570 telis
458 2536 486 2570 G
575 2537 641 2569 720
664 2535 784 2570 habiit
807 2535 842 2569 Β
927 2536 987 2579 qui
1014 2534 1048 2569 B
1130 2537 1196 2569 722
1221 2535 1339 2568 socios
1364 2533 1410 2576 Β,
1439 2535 1553 2567 sotios
1580 2532 1608 2567 C
1685 2533 1753 2566 723
1778 2543 1833 2566 ca·

345 2593 430 2627 cula
454 2592 500 2636 Β,
527 2592 632 2626 caula
659 2592 687 2626 C
761 2598 823 2626 aut
901 2593 969 2626 724
992 2592 1043 2625 At
1067 2592 1110 2635 Β,
1137 2597 1200 2625 aut
1227 2590 1257 2625 C
1333 2601 1455 2623 merus
1483 2601 1561 2623 sese
1586 2589 1631 2631 Β,
1657 2589 1835 2623 Meruisse

346 2661 383 2683 se
411 2649 439 2684 Ο
517 2649 679 2683 coniecit·
774 2650 839 2682 726
867 2648 985 2692 spolia
1008 2647 1060 2681 ibi
1087 2647 1185 2681 illum
1283 2648 1349 2680 727
1375 2657 1446 2690 quo
1472 2657 1528 2679 mo
1616 2646 1783 2689 exemplo
1811 2643 1840 2680 G

437 2717 563 2740 arcum
589 2705 680 2739 mihi
706 2708 743 2739 et
825 2706 891 2738 ¹725
916 2704 1060 2748 placido
1144 2706 1209 2737 729
1234 2703 1393 2737 nundius
1463 2704 1530 2736 730
1556 2702 1731 2736 uiaticum
1757 2712 1832 2735 me-

345 2762 543 2807 garonides
571 2761 723 2795 callides
749 2761 782 2796 B
852 2761 918 2794 732
945 2760 1071 2795 Potest
