2009 3218
332 208 404 244 156
1005 208 1120 242 Plauti
1534 208 1588 242 iv.
1618 211 1647 252 4,
1668 208 1716 243 v13
1736 211 1806 251 -ie

930 333 1202 375 Trachalio

323 400 485 454 Nempe
517 399 586 442 hic
616 406 719 443 tuus
752 403 849 445 est?

921 486 996 528 Da
1009 501 1176 529 cmonc
1189 502 1210 529 s

864 559 984 600 Meus
1017 565 1093 601 est.

922 649 1210 690 Trachalio

967 768 976 777 ·
995 720 1115 762 Istuc
1145 726 1330 774 optume.
1393 721 1573 772 Quando
1605 725 1726 763 tuust
1751 746 1805 751 —

917 810 960 852 D
973 824 996 852 a
1008 825 1075 851 cm
1089 826 1109 851 o
1120 825 1146 851 n
1158 825 1176 851 c
1187 826 1208 851 s

321 880 434 931 Quid
466 883 685 935 negotist?

922 955 987 995 Tr
999 969 1019 995 a
1033 955 1087 995 ch
1100 968 1121 995 a
1133 954 1146 995 l
1158 956 1171 994 τ’
1182 968 1203 995 o

719 1025 796 1067 Uir
828 1026 1035 1068 scelestus
1066 1026 1154 1068 illic
1186 1031 1265 1068 est.

922 1120 1208 1162 Daemones»¹

319 1248 395 1291 Uir
426 1249 661 1291 scelestus‘a
1331 1192 1442 1242 Quid
1474 1192 1576 1235 fecit
1606 1193 1685 1235 tibi
1719 1206 1803 1239 1045

924 1322 1198 1363 Trachalio

716 1394 888 1435 Homini
922 1407 1000 1447 ego
1032 1394 1101 1435 isti
1133 1393 1245 1436 talos
1278 1393 1487 1447 subfringi
1522 1393 1633 1435 uolo.

918 1487 1200 1530 Daemones

317 1560 429 1611 Quid
461 1565 527 1602 est
558 1575 644 1614 qua
674 1560 726 1601 de
756 1575 803 1602 re
834 1560 1017 1614 litigatis
1050 1574 1164 1602 nunc
1195 1561 1307 1602 inter
1338 1561 1445 1602 uos?

918 1652 1196 1693 Trachalio

1513 1707 1714 1762 Eloquar.

963 1790 1160 1840 Gripus

317 1859 449 1901 Immo
481 1873 558 1913 ego
591 1859 781 1913 eloquar.

916 1940 1196 1982 Trachalio

845 2012 948 2065 Ego,
982 2013 1145 2066 opinor,
1176 2026 1265 2054 rem
1296 2011 1475 2054 facesso.

962 2105 1161 2159 Gripus

1551 2176 1594 2219 Si
1627 2176 1799 2230 quidem

316 2233 382 2275 Sis
412 2233 607 2287 pudicus,
640 2233 739 2276 hinc
770 2234 973 2277 facessas.

914 2330 956 2371 D
967 2343 991 2372 a
1002 2344 1021 2371 e
1031 2344 1070 2371 m
1083 2344 1104 2371 o
1113 2344 1142 2371 n
1151 2344 1171 2371 c
1180 2343 1201 2371 s

992 2402 1066 2443 Grri
1071 2416 1136 2456 pe,
1168 2402 1357 2444 animum
1389 2401 1572 2444 aduorte
1604 2415 1656 2443 ac
1686 2405 1796 2443 tace.

956 2497 1153 2548 Gripus

316 2566 416 2609 Utin
448 2567 546 2608 istic
579 2569 696 2620 prius
729 2568 870 2610 dicat?

430 2727 514 2759 1045
539 2725 624 2768 Quit
650 2727 789 2768 nogotii
817 2734 872 2760 est,
897 2726 932 2760 B
1002 2727 1087 2769 Quit
1112 2726 1146 2761 B
1229 2728 1312 2760 1047
1337 2737 1435 2760 nuuc
1463 2738 1559 2760 nuno
1586 2725 1742 2769 litigatis
1770 2722 1798 2758 C

318 2784 402 2817 1048
427 2783 534 2826 pinor
559 2781 593 2815 B
692 2777 775 2816 1049
801 2783 836 2815 si
864 2782 898 2816 B
992 2785 1121 2827 grippo
1152 2783 1180 2818 C
