2009 3218
815 215 855 250 V.
881 218 1055 252 sao—891
1063 242 1071 251 .
1604 224 1627 260 4
1634 222 1656 260 3
1663 219 1685 258 7

208 346 255 385 ad
285 345 362 384 Cic.
393 343 478 382 Fin.
511 343 584 391 111,
625 344 694 391 20,
737 345 799 381 67.
876 344 1018 382 Muuro
1049 345 1098 382 ad
1131 345 1282 383 Lucret.
1317 347 1351 390 Ι,
1397 348 1459 384 16.
1492 366 1524 372 -
1588 349 1680 386 375.

207 409 284 453 tibi
309 423 389 462 per
417 422 480 450 me
508 413 555 450 A.
625 411 829 449 Proximus
867 424 1001 450 versus
1039 416 1082 449 ut
1113 414 1152 450 in
1183 413 1294 451 codd.
1326 413 1518 462 traditur,
1565 429 1680 453 sensu

204 483 321 520 caret.
345 479 469 528 Vulgo
491 493 537 518 ex
563 479 726 517 Pistoris
751 480 846 517 coni.
865 479 1014 517 editur:
1052 479 1221 526 „Uerum
1247 481 1379 519 lubere
1406 482 1509 521 haud
1534 483 1678 531 lubeat,

195 551 226 587 ei
264 549 389 594 liceat,
422 545 557 594 mihi“‚
598 546 704 596 quod
742 547 795 585 ita
835 550 994 585 enarrat
1032 547 1249 586 Boxhorn.:
1306 549 1370 595 „Si
1410 550 1503 588 mihi
1542 551 1680 590 liceret

194 616 320 655 omniu
357 629 428 666 pro
466 615 580 653 libitu
619 616 764 662 facere,
812 616 987 666 profecto
1026 615 1119 653 mihi
1152 629 1228 653 nou
1270 616 1424 655 luberet
1455 619 1559 668 quod
1589 619 1675 667 tibi,

194 686 244 723 mi
275 688 406 734 pater,
445 683 669 730 allubescit3
714 695 790 721 non
830 683 983 721 luberet
1021 687 1126 721 certe
1166 682 1284 721 filiam
1316 683 1524 723 vendere“.
1599 686 1674 724 Sed

191 757 272 791 tum
309 747 410 790 mihi
446 752 484 789 in
521 752 713 802 principio
752 752 957 789 sententiae
995 751 1218 801 ponendum
1251 756 1354 799 erat,
1402 766 1478 791 non
1510 767 1554 791 eo
1587 754 1672 792 loco

191 832 266 870 quo
297 832 414 865 nunc,
460 819 527 857 ubi
566 834 588 857 a
625 820 806 870 proximo
848 818 966 857 verbo
999 819 1133 857 divelli
1163 820 1228 858 vix
1258 823 1402 870 potest.
1477 820 1672 859 Praeterea

190 887 296 926 nulla
325 900 439 925 causa
469 890 546 934 est,
594 901 662 925 cur
700 887 833 926 lubere
871 887 1006 926 lubeat
1037 887 1189 926 dicatur
1219 901 1293 938 pro
1325 888 1492 938 simplici
1523 889 1668 927 lubeat.

188 956 308 995 Immo
338 956 471 1006 priora
510 958 619 993 recte
651 955 874 993 scribuntur
905 957 944 994 in
976 956 1086 994 codd.
1120 960 1343 1006 rectamque
1375 955 1519 993 habent
1550 970 1670 1007 oppo-

188 1025 382 1062 sitionem:
424 1023 575 1062 Lubere
606 1023 679 1061 tibi
711 1024 801 1061 licet
832 1037 903 1074 per
935 1037 1007 1070 me,
1040 1024 1130 1074 quia
1161 1023 1351 1073 impedire
1383 1036 1457 1062 non
1488 1037 1669 1074 possum3

188 1093 254 1132 sed
283 1105 358 1130 non
389 1092 536 1139 liceret,
569 1092 601 1130 si
632 1105 800 1141 possem.
868 1092 1006 1142 Itaque
1038 1093 1077 1130 in
1107 1091 1246 1129 ultimo
1277 1091 1396 1130 verbo
1427 1093 1566 1131 vitium
1599 1097 1668 1142 est,

189 1159 529 1210 scribendumque:
561 1155 602 1197 εἰ
633 1156 750 1198 liceat
780 1157 896 1198 mihi.
928 1180 983 1185 -
1016 1161 1106 1198 378.
1141 1156 1316 1205 Futura,
1349 1173 1400 1197 sc.
1429 1173 1525 1207 sum,
1559 1173 1593 1198 v.
1621 1161 1670 1198 ad

188 1227 325 1279 Amph.
357 1228 421 1266 56.
454 1247 507 1253 -—
543 1227 649 1274 „Scis
679 1227 791 1265 nam“
829 1228 924 1266 nihil
964 1232 1041 1275 est,
1081 1242 1115 1266 v.
1149 1227 1330 1276 Seyffert.
1365 1227 1506 1266 Philol.
1538 1228 1670 1266 XXIX

188 1311 224 1348 p.
243 1297 335 1342 407,
366 1297 431 1346 qui
451 1294 632 1343 „scisne“
668 1296 764 1333 vult.
825 1297 1004 1334 Mueller.
1031 1296 1187 1334 Nachtr.
1207 1310 1243 1346 p.
1268 1297 1357 1334 100.
1407 1297 1511 1343 „scin
1544 1294 1668 1344 iam“;

187 1378 257 1415 ego
301 1360 397 1403 Scis·
441 1360 526 1402 iam
570 1364 730 1414 scripsi3
777 1378 862 1402 uam
903 1365 1172 1414 interrogandi
1214 1365 1338 1402 forma
1377 1378 1451 1401 nou
1498 1368 1558 1402 est
1604 1377 1668 1402 ne-

187 1433 368 1479 cessaria,
417 1446 451 1471 v.
485 1432 533 1470 ad
564 1432 704 1482 Amph.
739 1434 832 1470 718.
867 1453 916 1458 —
953 1435 1045 1471 379.
1081 1430 1135 1479 id,
1170 1433 1212 1470 nt
1244 1433 1460 1480 surrupta,
1493 1433 1538 1470 cf.
1574 1434 1667 1471 371.

187 1501 236 1540 ud
265 1500 404 1538 Pseud.
440 1502 556 1539 1087.
634 1501 676 1538 R.
710 1502 820 1550 quasi
852 1514 897 1537 ex
929 1502 979 1539 A:
1031 1501 1107 1548 „Et
1145 1505 1189 1538 ut
1226 1502 1266 1538 ui
1308 1498 1533 1551 surrupta“,
1581 1513 1667 1550 quae

188 1583 234 1607 ne
264 1571 366 1608 inter
395 1582 436 1607 se
469 1568 758 1616 contradicant,
793 1582 939 1607 vereor.
980 1589 1034 1594 —-
1080 1570 1171 1607 381.
1221 1580 1301 1615 me,
1341 1565 1452 1606 mala
1482 1569 1529 1606 ‘nt
1557 1564 1666 1617 fiam,

185 1633 304 1687 facis,
336 1637 383 1675 cf.
417 1637 466 1675 ad
501 1638 589 1675 Aul.
623 1639 714 1675 662.
770 1637 870 1674 infra
902 1639 996 1675 413.
1031 1638 1123 1675 740.
1162 1638 1252 1675 521.
1298 1656 1354 1662 --
1402 1638 1493 1675 383.
1539 1635 1669 1687 faciat

187 1702 449 1755 rffludiosas,
503 1706 620 1743 faciat
664 1710 707 1743 ut
751 1705 1020 1755 repudientur.
1060 1725 1114 1731 -
1162 1706 1254 1743 384.
1301 1715 1411 1743 nunc
1455 1702 1667 1742 homimem

187 1773 355 1822 Scaliger
393 1775 520 1811 iunxit
560 1775 671 1823 quasi
704 1776 769 1810 τῶν
798 1776 859 1810 νῦν
890 1774 1115 1822 ἀνθρώπων,
1170 1774 1255 1811 coll.
1289 1773 1375 1811 Ter.
1408 1774 1531 1812 Andr.
1568 1775 1664 1813 175:

190 1842 268 1889 „eri
298 1855 452 1892 semper
481 1839 661 1880 leuitas“.
695 1843 744 1879 al.
813 1839 1074 1880 Grammatice
1119 1855 1241 1889 „nunc
1274 1839 1408 1880 uides“
1448 1842 1664 1892 iungenda3

185 1923 295 1948 nemo
326 1915 452 1948 autem
484 1910 591 1948 aliud
621 1910 730 1948 videt
761 1924 876 1961 quam
914 1909 1018 1960 quod
1058 1923 1159 1948 nune
1197 1911 1324 1960 ipsum
1364 1913 1434 1947 est.
1476 1929 1528 1935 —-
1571 1911 1663 1949 385.

185 1974 478 2029 thluismota'i,
525 1979 548 2015 i.
581 1991 613 2016 e.
654 1979 826 2017 cuiusvis
872 1979 997 2025 modi,
1044 1977 1310 2025 scribendum,
1357 1991 1392 2016 v.
1430 1978 1590 2016 Becker.
1624 1980 1665 2016 in

185 2045 355 2085 Studem.
387 2046 497 2085 Stud.
538 2048 552 2083 1
591 2060 627 2097 p.
665 2048 758 2084 286.
834 2046 997 2085 Lorenz,
1037 2046 1178 2084 Philol.
1218 2045 1364 2083 XXXV
1404 2060 1443 2096 p.
1481 2047 1570 2085 177.
1613 2066 1662 2072 —

190 2111 336 2161 „mala“
369 2114 478 2152 abest
510 2114 557 2152 ab
588 2115 634 2152 A.
662 2107 720 2139 ’-
755 2115 847 2152 386.
889 2111 959 2152 sit.
1007 2114 1287 2152 Coniunctivus
1318 2115 1561 2152 necessarius
1592 2118 1663 2152 est.

186 2182 230 2220 R.
265 2180 372 2229 „est“
406 2182 464 2220 ed.
499 2196 544 2219 ex
574 2182 609 2218 A
641 2182 739 2220 male
772 2183 884 2228 lecto,
919 2197 952 2220 v.
986 2182 1109 2232 Gepp.
1136 2181 1247 2220 Stud.
1278 2181 1316 2219 II
1346 2195 1383 2232 p.
1414 2183 1479 2220 82.
1506 2202 1554 2208 —
1585 2181 1664 2220 389

186 2249 296 2288 affert
325 2250 473 2288 Nonius
504 2264 541 2301 p.
575 2252 654 2288 495
688 2250 787 2288 male
823 2250 1059 2298 „uirtutem“
1095 2251 1279 2289 scribens.
1342 2246 1481 2289 Deum
1511 2248 1666 2289 uirtute

184 2321 242 2357 est
285 2318 443 2356 deorum
488 2318 694 2365 beneficio,
741 2331 778 2356 v.
818 2317 866 2355 ad
906 2318 995 2356 Aul.
1041 2320 1131 2356 159.
1171 2339 1220 2345 —-
1281 2320 1372 2357 390.
1422 2315 1490 2357 Ne
1535 2315 1663 2358 dicas.

185 2384 230 2424 B.
265 2389 410 2425 temere
453 2384 636 2434 „ducas“.
683 2406 736 2411 —
779 2387 855 2423 391
906 2386 1018 2423 affert
1057 2386 1161 2424 Fest.
1198 2400 1236 2436 p.
1270 2389 1362 2425 297.
1438 2386 1581 2424 Hiatur
1625 2388 1665 2424 in

184 2465 346 2502 σηοω-ιη
376 2454 421 2493 R.
458 2451 579 2502 „ego“
615 2453 735 2492 addit.
796 2464 999 2499 soracum,
1033 2456 1205 2504 σώρακον,
1248 2450 1416 2501 cbrbem,
1450 2467 1485 2491 v.
1512 2454 1610 2493 Poll.
1634 2455 1663 2502 I,

186 2522 262 2560 245
294 2523 394 2560 inter
422 2523 683 2560 instrumenta
714 2523 879 2560 rustica:
927 2524 1075 2571 (μιρμὺς,
1113 2525 1267 2572 ψίαθος,
1308 2523 1462 2570 κόφινος,
1495 2523 1663 2572 maganus:

184 2587 266 2637 VII,
300 2591 397 2628 173:
445 2592 582 2626 πλέκειν
612 2592 789 2637 κοφίνους,
824 2591 1019 2639 σωράκυνς,
1051 2591 1229 2640 (ἔρρ’χους.
1296 2590 1353 2637 Χ,
1391 2592 1466 2629 130
1508 2591 1661 2629 Aristo-

184 2655 319 2706 phanis
348 2671 500 2695 versum
532 2657 643 2695 affert
674 2671 720 2695 ex
751 2658 1013 2696 Danaidibus:
1054 2661 1167 2694 κακῶν
1199 2660 1374 2695 ιοσούτων
1405 2660 1571 2708 συνελέγη
1600 2674 1663 2706 μοι

186 2723 349 2773 σώρακος,
379 2724 428 2762 ad
459 2738 544 2775 quae
567 2725 776 2764 adscribit:
819 2727 918 2774 παρὰ
944 2729 1014 2768 ῐοῖς
1037 2727 1302 2774 κωμῳδοποιοῖς
1331 2728 1440 2769 οὕτως
1463 2727 1662 2775 ὠνομάσθη

187 2791 223 2828 τὸ
251 2791 403 2842 ἀγγεῖον,
433 2798 468 2829 ἐν
499 2788 524 2842 ᾧ
554 2795 595 2830 τὰ
626 2795 730 2840 σκεύη
764 2796 829 2830 τῶν
859 2795 1067 2844 ὑποκριτῶν.
1133 2794 1212 2833 Nec
1250 2795 1364 2832 aliter
1395 2794 1502 2833 Festi
1534 2796 1661 2845 epito-
