2009 3218
167 203 210 247 V,
234 204 267 249 8,
291 174 405 241 4—1s
838 202 999 238 Rudent.
1584 208 1655 247 181

807 327 1016 370 Labrax

638 399 691 442 Di
721 398 995 451 inmortales;
1030 382 1150 442 fneus
1182 405 1260 442 est.
1323 399 1468 451 Salue,
1501 400 1659 443 uidule.

767 500 1057 544 Daemones

166 573 344 619 Tuusne
378 575 474 618 est?

807 658 1015 702 Labrax

279 733 490 789 Rogitas?
537 731 581 774 Si
612 731 788 787 quidem
820 732 965 774 hercle
989 731 1108 776 Iouis
1132 732 1227 782 fuit,
1261 747 1382 776 meus
1409 739 1477 777 est
1503 739 1660 778 tamen.

769 845 1058 888 Daemones

167 919 324 964 Omnia
353 921 503 962 insunt
531 917 676 970 salua3
707 931 793 960 una
824 918 954 960 istinc
984 918 1155 961 cistella
1185 924 1369 974 excepta
1400 924 1467 962 est
1497 920 1626 963 modo

166 991 276 1035 Cum
305 990 567 1046 crepundiis,
598 990 754 1044 quibus
786 989 914 1031 hodie
945 990 1078 1032 filiam
1100 991 1255 1034 ‘inueni
1287 1005 1440 1034 meam.
1575 1004 1664 1038 1350

808 1103 1018 1147 Labrax

138 1218 150 1233 ,
170 1177 341 1228 Quam?

770 1263 1060 1307 Daemones

274 1336 362 1379 Tua
397 1349 508 1391 quae
538 1335 620 1378 fuit
651 1335 892 1384 Palaestra.
925 1350 975 1379 ea
1005 1336 1095 1379 filia
1125 1339 1302 1380 inuenta
1333 1341 1400 1380 est
1431 1351 1539 1380 mea.

809 1445 1018 1489 Labrax

167 1518 285 1561 Bene
310 1518 524 1561 mehercle
549 1518 771 1561 factumst.
819 1518 956 1569 Quom
982 1521 1118 1562 istaec
1148 1533 1216 1561 res
1247 1519 1329 1561 tibi
1361 1533 1412 1562 ex
1444 1521 1662 1562 sententia

169 1590 324 1634 Pulcre
356 1591 516 1641 euenit,
548 1591 730 1644 gaudeo.

772 1703 1065 1747 Daemones

786 1776 904 1819 Istuc
934 1777 1062 1820 facile
1093 1792 1178 1821 uon
1209 1778 1338 1820 credo
1369 1777 1464 1820 tibi.

808 1894 1018 1937 Labrax

166 1966 302 2010 Immo
333 1967 490 2020 hercle,
522 1971 573 2010 ut
603 1969 716 2010 scias
749 1967 938 2022 gaudere
970 1981 1050 2018 me,
1081 1966 1185 2009 mihi
1216 1967 1455 2010 triobolum

169 2038 235 2082 Ob
266 2053 362 2083 eam
392 2054 446 2082 ne
478 2039 595 2092 duis3
626 2039 823 2082 condono
855 2044 913 2081 te.

768 2141 814 2184 D
824 2155 848 2183 a
859 2155 879 2183 e
888 2155 930 2182 m
939 2155 962 2184 o
971 2155 1000 2183 π
1010 2155 1031 2183 e
1039 2155 1062 2183 s

972 2214 1162 2268 Benigne
1193 2213 1348 2268 edepol
1375 2213 1496 2256 facis.
1574 2225 1662 2260 1355

25 2365 31 2373 ι
805 2315 1020 2359 Labrax

25 2381 29 2395 ²
87 2424 93 2426 .
166 2385 304 2430 Immo
334 2392 382 2430 tu
415 2387 591 2442 quidem
622 2387 768 2430 hercle
799 2402 917 2430 uero.

817 2493 1013 2546 Gripus

746 2565 862 2608 Heus
893 2571 952 2619 tu,
985 2579 1108 2619 quom
1136 2566 1225 2608 iam
1253 2564 1416 2608 habeas
1447 2564 1659 2616 uidulum,

282 2726 370 2762 1347
395 2725 458 2760 odi
540 2725 628 2760 1350
651 2723 785 2768 quibus
811 2734 894 2758 cum
918 2722 1030 2759 hodie
1056 2722 1087 2759 Ο
1164 2725 1252 2760 1852
1275 2723 1399 2759 hercle
1425 2722 1461 2758 B
1550 2734 1659 2759 exen-

98 2798 100 2803 r
168 2781 289 2816 tentia
381 2782 469 2817 1354
491 2781 565 2816 mei
588 2780 679 2815 mihi
706 2778 737 2816 0
829 2780 916 2814 1356
942 2790 1054 2825 quom
1076 2790 1142 2816 om.
