2009 3218
369 170 448 208 388
1050 165 1169 200 Plauti
1596 167 1657 210 IV,
1675 168 1717 210 ·2‚
1743 168 1854 202 4—13

480 291 633 333 Prome
658 296 932 332 uenustatem
957 292 1121 332 amanti
1147 296 1278 340 tuam,
1311 295 1359 332 ut
1375 291 1563 344 gaudeat
1580 306 1708 346 quom
1727 294 1853 347 perit.

572 363 660 416 Ego
692 362 867 403 interibi
900 363 969 404 hic
1000 363 1120 404 tricis
1151 364 1236 404 tuis
1270 363 1538 416 praesidebo,
1787 376 1855 410 '705
1907 379 1909 382 ⁴
1942 371 1945 375 '
1991 375 1993 391 ¹

572 435 676 476 Istic
709 435 809 475 dum
839 447 960 475 suum
993 435 1126 475 faeiat
1157 435 1331 475 domum
1362 434 1415 476 ad
1447 440 1491 476 te
1522 449 1770 489 exagogam,

568 507 667 548 Neo
698 520 956 560 quemquam
989 507 1162 547 interim
1193 506 1304 547 istoc
1334 506 1387 547 ad
1420 520 1510 558 uos,
1548 507 1623 561 qui
1655 508 1713 549 sit
1743 507 1854 559 odio,

569 578 740 620 Mittam
773 579 910 630 intro3
941 583 988 618 tu
1020 590 1151 631 perge
1180 581 1231 618 ut
1261 577 1382 619 lubet
1411 578 1562 625 ludere
1596 570 1712 621 istos.

945 692 1276 734 Diniarehus

367 764 449 814 Qui
482 770 549 806 est
579 765 674 807 iste.
709 764 977 817 Astaphium,
1008 764 1167 815 indica,
1200 764 1274 817 qui
1307 764 1448 816 perit?

951 866 1267 919 Astaphium
1502 920 1508 924 ἡ

1268 938 1446 988 Amabo,
1478 937 1620 979 hicine
1650 942 1696 979 tu
1729 937 1855 980 eras?
1932 970 1944 994 Γ.

1936 997 1941 1000 -
1974 999 1979 1014 .

948 1040 1279 1082 Diniarohus

554 1113 833 1154 -Molestusne
865 1113 988 1153 sum?

954 1215 1271 1268 Astaphium

1015 1287 1139 1328 Nune
1170 1287 1307 1340 magis
1340 1300 1470 1340 quam
1500 1286 1640 1337 fuisti3
1790 1297 1857 1330 710

570 1359 678 1400 Nam
710 1360 744 1400 si
777 1360 851 1412 qui
883 1373 967 1400 non
999 1364 1124 1401 usust
1153 1359 1292 1409 nobis,
1323 1360 1362 1399 is
1392 1358 1630 1400 molestust.

481 1432 564 1473 Sed
596 1432 787 1481 obsecro,
821 1432 876 1472 da
907 1432 1009 1472 mihi
1042 1445 1229 1485 operam,
1260 1436 1309 1472 ut
1338 1443 1509 1472 narrem
1542 1443 1652 1484 quae
1683 1429 1798 1470 uolo.

947 1534 1280 1576 Diniarohus

574 1607 681 1648 Nam
716 1607 819 1660 quid
842 1607 946 1648 est?
978 1621 1079 1648 num
1110 1621 1205 1648 mea
1234 1605 1396 1647 refert?

956 1720 1275 1774 Astaphium

1445 1789 1541 1832 Non
1571 1789 1764 1830 mussito.

575 1850 697 1892 Intus
731 1850 853 1892 bolos
886 1850 962 1891 dat
996 1873 1043 1879 —-

957 1952 1273 1993 Diniarohus

1069 2023 1210 2073 Quid?
1242 2028 1413 2066 amator
1443 2036 1580 2064 nouos
1612 2020 1856 2075 quispiam?

952 2130 985 2168 A
997 2141 1016 2169 s
1028 2132 1047 2168 t
1056 2141 1082 2168 a
1093 2142 1118 2181 p
1131 2127 1158 2167 h
1171 2129 1183 2168 i
1197 2142 1223 2168 u
1234 2141 1274 2167 m

575 2199 790 2253 Integram
822 2204 865 2240 et
896 2199 1069 2253 plenum
1101 2200 1302 2240 adortast
1332 2198 1631 2240 thensaurum.

913 2305 918 2310 ’
951 2313 1279 2354 Diniarchus

1535 2383 1640 2433 Quis
1671 2382 1768 2424 est?
1789 2392 1856 2427 '715
1907 2419 1910 2427 .

484 2524 549 2556 704
575 2523 712 2565 gaudia
737 2534 889 2560 ‹eumoer
913 2522 966 2555 eis
1046 2523 1113 2555 705
1138 2521 1284 2555 interim
1314 2521 1372 2555 hic
1402 2519 1523 2554 restiti
1547 2519 1649 2553 tricis
1674 2518 1709 2553 B
1732 2515 1851 2561 (resti-

371 2581 473 2615 tricis
500 2579 539 2619 C)
641 2581 708 2613 706
736 2579 810 2614 Iste
837 2580 922 2613 dum
950 2580 1003 2614 sic
1029 2579 1141 2613 faciat
1245 2579 1312 2612 707
1337 2589 1378 2612 ec
1402 2577 1446 2617 B,
1472 2581 1510 2611 et
1536 2576 1566 2611 C
1661 2577 1729 2610 708
1750 2575 1853 2609 Intro
1892 2576 1894 2578 ’

370 2638 515 2671 mittam
610 2648 720 2680 perce
813 2637 915 2671 iubet
939 2636 1041 2671 ludin
1133 2637 1200 2670 709
1225 2636 1292 2670 iste
1317 2646 1360 2669 ea
1452 2634 1593 2669 hicinet
1615 2645 1701 2668 uere
1788 2632 1851 2666 '711

372 2694 459 2738 quid
485 2694 591 2727 nobis
617 2698 720 2727 usust.
747 2695 850 2727 nobis
876 2694 1050 2727 molestus
1166 2694 1232 2726 ‘712
1256 2703 1381 2726 narem
1498 2691 1621 2725 uolom
1648 2689 1695 2733 B,
1722 2685 1858 2723 uoltiG'

371 2753 437 2786 713
464 2763 545 2785 nam
572 2762 614 2784 ea
713 2754 852 2783 musset
949 2752 1015 2783 714
1041 2751 1144 2784 bolos
1171 2761 1263 2794 quos
1291 2749 1354 2783 dat
1447 2749 1556 2782 nouis
1583 2747 1613 2783 O
1888 2745 1890 2750 ⁴
