2009 3218
131 169 197 216 111,
223 170 253 213 3,
277 169 431 210 ’re—lv.
463 173 490 211 1.
515 171 535 206 3
750 169 995 208 Trinummue.
1538 179 1616 219 :303

90 329 95 332 -
131 298 250 341 Diem
280 296 545 346 conficimus,
578 311 706 351 quom
737 298 823 339 iam
854 304 1134 353 properatost
1165 314 1284 354 opus.

129 370 243 412 Nihil
275 375 340 412 est
371 369 423 411 de
455 369 576 423 siguo
609 370 727 424 quod
755 383 953 422 uereare3
987 385 1052 413 mo
1085 371 1198 413 uide.

131 441 294 496 Lepida
324 445 391 483 est
421 441 497 483 illa
528 455 672 492 causa,
703 446 752 484 ut
783 444 1114 494 conmemoraui,
1146 443 1291 486 dicere
1548 456 1617 491 810

127 514 249 569 Apud
283 514 517 568 portitores
548 526 642 555 esse
674 513 907 568 inspectas.
970 514 1166 569 Denique

128 585 221 628 Diei
251 590 425 640 tempus
456 598 539 626 non
571 584 724 627 uides?
756 585 861 640 quid
893 585 1015 628 illum
1048 593 1177 641 putas

127 657 294 700 Natura
323 657 400 699 illa
431 662 561 711 atquo
593 658 794 709 ingenio?
854 657 946 700 Iam
979 658 1142 701 dudum
1176 660 1361 713 ebriust3

129 730 309 781 Quiduis
342 729 519 783 probari
549 730 584 770 ei
615 730 789 784 poterit.
850 729 972 782 Tum,
1003 731 1119 785 quod
1152 738 1453 780 maxumumst,

128 801 319 851 Adferre,
355 816 437 843 non
471 807 618 856 petere
650 801 719 844 hic
750 816 795 844 se
828 802 954 844 dicet.

740 881 1000 924 Callicles

1026 954 1117 997 Iam
1149 960 1218 998 sat
1249 962 1324 998 ost.
1548 969 1616 1004 815

680 1033 1056 1087 Megaronides

126 1105 216 1159 Ego
247 1104 559 1160 sycophantam
590 1107 676 1148 iam
706 1106 901 1148 conduco
935 1106 987 1148 de
1017 1105 1110 1150 foro

127 1175 455 1232 [Epistulasque
486 1178 571 1219 iam
603 1177 868 1231 consignabo
902 1177 1030 1232 duas]

128 1249 317 1303 Eumque
348 1249 433 1291 huc
465 1251 520 1291 cul
549 1250 871 1292 adulescentem
906 1251 1159 1293 meditatum
1193 1252 1328 1306 probe

127 1320 308 1364 Mittam.

739 1394 999 1437 Callicles

384 1465 445 1508 Eo
477 1480 555 1520 ego
586 1467 719 1520 igitur
749 1467 862 1509 intro
894 1467 950 1509 ad
981 1467 1169 1510 officium
1202 1482 1360 1521 meum3

123 1537 186 1580 Tu
216 1538 328 1581 istuc
358 1550 450 1591 age.

679 1611 1054 1664 Megaronides

510 1683 660 1724 Actum
691 1683 871 1725 reddam
903 1684 1217 1738 nugacissume.
1546 1700 1614 1734 820

554 1990 926 2034 CHARMIDES
984 1992 1168 2034 SENEX
1579 1994 1611 2037 C

124 2102 401 2160 Salsipotenti
435 2110 479 2148 et
509 2106 804 2160 multipotenti
836 2105 951 2147 Iouis
982 2106 1107 2148 fratri
1139 2107 1334 2150 aetherei
1365 2108 1567 2164 Neptuno

122 2175 279 2219 Laetus
310 2177 462 2220 lubens
493 2177 645 2220 laudes
676 2191 757 2230 ago
790 2183 833 2219 et
863 2183 1023 2231 grates,
1058 2180 1310 2234 gratiasque
1334 2180 1475 2223 habeo
1507 2180 1611 2223 fluc-

1072 2250 1189 2293 tibus
1220 2251 1362 2303 salsis,

125 2319 236 2372 Quos
266 2336 397 2376 penes
430 2322 515 2363 mei
543 2321 628 2372 fuit
657 2335 819 2363 summa
852 2326 1061 2376 potestas,
1096 2322 1218 2365 bonis
1243 2324 1345 2366 meis
1370 2325 1474 2378 quid
1499 2325 1612 2368 foret

1071 2399 1114 2437 et
1145 2398 1265 2438 meae
1296 2396 1427 2447 uitae,

233 2531 300 2565 808
323 2529 423 2575 quod
491 2530 559 2564 809
584 2541 656 2574 quo
727 2531 795 2564 810
818 2529 879 2563 ine
899 2529 935 2564 B
1004 2531 1230 2566 commeraui
1251 2530 1287 2565 B
1355 2533 1423 2566 814
1448 2532 1607 2576 probare

125 2587 261 2630 poterit
340 2586 538 2622 maxumisz
624 2587 690 2619 816
715 2585 969 2629 sycoplantam
995 2585 1032 2621 B
1118 2586 1244 2622 defero
1271 2587 1301 2623 G
1377 2590 1445 2623 818
1471 2589 1516 2623 ad
1542 2600 1610 2624 mn.

125 2642 191 2677 8²0
212 2648 444 2687 nugacesuut
467 2643 536 2677 nisi
563 2641 760 2678 charmidis
873 2642 1157 2678 CHARMIDES
1182 2654 1248 2679 om.
1274 2643 1343 2680 BG
1440 2645 1466 2680 C
1491 2656 1556 2681 om.
1584 2645 1614 2680 C

125 2697 187 2733 821
213 2704 251 2734 et
273 2700 373 2734 nerei
398 2701 553 2744 neptuni
657 2700 724 2732 822
750 2711 767 2733 e
793 2698 965 2733 fluctibus
1063 2701 1129 2734 823
1155 2700 1231 2744 Quo
1256 2701 1302 2744 B,
1327 2700 1392 2744 Qffi
1421 2701 1449 2736 C
1552 2713 1609 2736 me

127 2759 289 2800 potestas
381 2757 451 2790 mis
545 2767 626 2790 mea
653 2757 738 2789 iuite
766 2756 798 2789 B
