2009 3218
201 161 243 198 11.
270 163 301 202 4,
328 163 460 196 46-63
826 162 1072 199 'ri-iminium.
1604 169 1678 208 281

849 287 1030 330 Philto

199 358 337 400 Homo
369 371 448 411 ego
480 373 586 405 sum.
620 359 746 401 homo
779 364 824 402 tu
858 373 915 402 es.
978 361 1044 402 Ita
1077 376 1141 403 me
1173 362 1339 404 amabit
1369 362 1576 418 Iuppiter,

198 429 346 484 Neque
378 434 420 472 te
453 430 642 473 derisum
675 431 860 473 aduenio
894 447 1030 486 neque
1063 432 1237 486 (lignum
1270 438 1386 488 puto.
1615 447 1682 481 450

202 502 357 545 Uerum
389 501 469 545 hoc
500 503 616 558 quod
649 503 737 545 dixi
770 518 888 545 meus
921 518 985 545 me
1018 505 1163 546 orauit
1194 504 1319 556 filius,

198 573 254 617 Ut
284 578 400 616 tuam
434 589 625 617 sororem
658 589 878 630 poscerem
911 590 1087 618 uxorem
1121 577 1214 618 Sibi.

770 653 1100 697 Lesbonicus

195 726 386 769 Mearum
420 741 485 769 uie
515 741 657 768 rerum
690 728 864 770 nouisse
896 734 1126 781 aequomst
1157 729 1362 771 ordinem.

195 797 300 841 Cum
330 804 478 841 uostra
510 804 659 841 nostra
692 813 775 841 non
808 806 872 841 est
903 813 1043 853 aequa
1074 799 1223 851 factio;

194 870 473 913 Adfinitatem
506 871 630 913 uobis
661 871 789 913 aliam
823 872 1032 925 quaerite.
1613 888 1680 921 455

803 952 1068 993 Stasimus
1109 957 1128 976 ⁰

194 1024 315 1067 Satin
347 1029 394 1066 tu
426 1023 570 1066 sanu's
602 1023 756 1066 mentis
787 1027 865 1065 aut
895 1024 1026 1065 animi
1057 1024 1136 1074 tui,

193 1097 273 1148 Qui
305 1096 599 1138 condicionem
630 1095 742 1137 hanc
773 1095 1004 1149 repudies?
1038 1110 1134 1138 nam
1167 1096 1288 1138 illum
1321 1097 1400 1139 tibi

192 1169 490 1212 Ferentarium
521 1183 615 1211 esse
646 1169 831 1211 amicum
863 1168 1089 1210 inuentum
1119 1168 1337 1223 intellego.

767 1248 796 1290 L
807 1263 829 1290 e
842 1262 860 1288 s
872 1247 898 1289 b
912 1261 935 1289 o
947 1263 971 1289 n
985 1248 995 1289 i
1008 1261 1030 1289 o
1041 1262 1065 1289 u
1079 1263 1097 1289 s

191 1317 302 1360 Abin
332 1317 432 1359 hinc
462 1316 680 1359 diereote‘?

799 1388 1061 1429 Stasimus

735 1459 779 1502 Si
810 1460 954 1502 hercle
985 1461 1047 1503 ire
1079 1462 1303 1516 occipiam,
1335 1467 1471 1506 uotes.

770 1540 1096 1582 Lesbonicus

191 1613 279 1656 Nisi
312 1612 416 1667 quid
450 1626 515 1654 me
547 1612 663 1654 aliud
696 1613 774 1663 uis,
808 1612 964 1665 Philto,
997 1613 1199 1667 respondi
1230 1614 1321 1656 tibi.
1609 1627 1676 1661 460

843 1692 1022 1734 Philto

191 1765 504 1819 Benigniorem,
536 1764 787 1816 Lesbonice,
818 1770 860 1806 te
892 1764 1008 1815 mihi,

191 1837 328 1888 Quam
360 1851 474 1878 nunc
504 1837 705 1891 experior
736 1850 842 1887 esse,
874 1836 1043 1879 confido
1075 1836 1185 1890 fore;

189 1908 297 1951 Nam
328 1914 371 1952 et
401 1909 533 1951 stulte
563 1908 705 1951 facere
737 1914 780 1950 et
811 1909 942 1951 stulte
974 1909 1222 1960 fabularier‚

188 1980 440 2036 Utrumque,
474 1981 723 2031 Lesbonice,
756 1982 800 2022 in
832 1986 976 2023 aetate
1009 1981 1125 2023 haud
1157 1981 1374 2024 bonumst.

796 2061 1058 2102 Stasimus

193 2128 348 2172 Uerum
378 2129 521 2172 hercle
553 2129 622 2171 hic
653 2129 771 2171 dicit.

765 2208 1095 2249 Lesbonicus

814 2279 996 2322 Oculum
1029 2294 1107 2334 ego
1140 2280 1350 2322 ecfodiam
1383 2281 1476 2331 tibi,
1607 2294 1674 2328 465

188 2351 232 2394 Si
263 2352 440 2394 uerbum
474 2352 705 2395 addideris.

298 2512 365 2545 449
390 2522 428 2545 es
453 2515 493 2545 tu
518 2511 551 2545 A
657 2512 724 2544 450
749 2510 832 2544 ueni
859 2509 926 2544 Bc
1034 2512 1096 2544 451
1125 2512 1223 2555 quod
1251 2511 1346 2546 dixit
1371 2512 1413 2554 A,
1439 2515 1479 2546 ut
1504 2511 1580 2546 dixi
1606 2511 1674 2547 BC

186 2566 252 2601 452
276 2578 425 2611 poscere
452 2567 487 2601 B
579 2569 642 2602 453
667 2567 824 2601 mouisse
851 2565 886 2600 B
971 2578 1124 2610 aequom
1153 2569 1182 2602 si
1206 2568 1275 2604 Bc
1357 2570 1423 2602 454
1449 2571 1581 2603 uestris
1606 2568 1675 2604 ΒΟ

187 2623 253 2657 456
278 2622 345 2657 Sat
368 2624 469 2658 intus
495 2623 562 2658 BC
661 2626 728 2658 458
754 2623 890 2658 Fert-nt,
916 2635 1046 2657 aueum
1073 2622 1141 2658 BC
1240 2626 1307 2660 459
1332 2625 1480 2659 derecte
1505 2624 1572 2660 BC

187 2680 284 2713 uotis
310 2679 375 2714 BC
444 2681 512 2714 460
536 2681 602 2714 tibi
630 2680 836 2724 Respondit
862 2679 891 2714 C
969 2681 1035 2714 464
1061 2680 1132 2715 hau
1159 2681 1295 2715 bonust.
1319 2683 1351 2716 A
1434 2682 1500 2716 465
1525 2682 1609 2716 dico
1635 2682 1668 2715 A

275 2737 342 2770 tibi
369 2737 536 2771 effodiam
567 2736 595 2772 C
