2009 3218
211 203 240 244 1,
267 204 299 247 2,
327 204 461 238 40-53
889 202 1046 239 Stichus.
1632 207 1708 246 199

211 329 346 380 Quem
382 343 567 384 aequom
599 334 664 370 est
696 343 773 371 nos
806 329 1018 382 potiorem
1052 329 1210 371 habere
1237 343 1366 384 quam
1391 330 1463 372 te‘?
1495 329 1708 384 postidea,

1164 407 1302 455 pater,
1646 413 1710 446 100

212 472 342 515 Uiros
374 476 561 523 nostros,
594 472 752 527 quibus
784 477 830 514 tu
863 472 1038 514 uoluisti
1073 486 1167 514 esse
1199 487 1277 515 nos
1303 478 1465 515 matres
1490 472 1707 516 familias?

847 567 975 608 Anti
995 567 1078 608 2720

211 640 355 682 Bonas
394 644 439 681 ut
482 652 665 694 aequom
707 644 771 680 est
802 638 943 680 facere
975 581 1139 691 iacias,
1179 653 1308 694 quom
1339 644 1484 681 tamen
1518 639 1708 682 absentis

1164 725 1283 753 mros

211 783 398 825 Proinde
431 783 603 824 habetis
637 783 763 837 quasi
795 787 1048 836 praesentes
1082 783 1180 825 sint.

819 877 1100 932 Pamphila

1207 948 1424 991 Pudicitia
1456 955 1533 1001 est,
1571 954 1708 1003 pater,

210 1022 295 1064 Eos
327 1036 404 1064 nos
437 1020 726 1074 magnificare,
760 1022 832 1074 qui
865 1036 942 1062 nos
976 1022 1116 1063 socias
1148 1026 1426 1075 sumpserunt
1457 1021 1550 1063 sibi.

443 1163 447 1168 ,
842 1116 1078 1170 Antipho

210 1189 321 1230 Num
354 1190 449 1243 quis
483 1188 552 1230 hic
583 1194 649 1231 est
681 1188 848 1231 alienus
881 1189 1041 1230 nostris
1067 1188 1193 1231 dictis
1219 1202 1380 1242 auceps
1407 1188 1617 1231 auribus?
1646 1201 1708 1234 105

814 1283 843 1325 P
858 1297 918 1325 an
933 1298 955 1325 e
967 1284 1106 1337 gyris

210 1354 365 1397 Nullus
398 1360 574 1409 praeter
606 1369 769 1409 nosque
800 1361 944 1410 teque.

842 1457 1079 1511 Antipho

900 1529 1106 1572 Uostrum
1138 1530 1328 1571 animum
1361 1529 1561 1572 adhiberi
1593 1530 1707 1573 uolo.

210 1600 322 1643 Nam
353 1615 432 1655 ego
464 1601 520 1644 ad
550 1615 628 1644 uos
660 1615 775 1643 nuuc
806 1602 1020 1655 inperitus
1047 1616 1192 1643 rerum
1219 1606 1263 1644 et
1286 1616 1455 1644 morum
1482 1602 1710 1644 mulierum

211 1673 456 1728 Discipulus
489 1674 615 1716 uenio
648 1673 703 1715 ad
736 1674 988 1727 magistras:
1020 1674 1175 1728 quibus
1207 1678 1430 1716 matronas
1464 1674 1670 1725 moribus,

211 1744 330 1795 Quae
363 1750 565 1800 optumae
594 1751 707 1797 sunt,
741 1760 834 1788 esse
861 1751 1045 1800 oportet,
1080 1746 1124 1787 id
1155 1750 1340 1800 utraque
1373 1751 1422 1788 ut
1447 1746 1564 1788 dicat
1591 1747 1708 1789 mihi.

813 1848 1108 1902 Paneyyrst

213 1918 325 1968 Quid
351 1920 467 1961 istuc
492 1926 556 1962 est
582 1920 698 1974 quod
723 1920 806 1962 huc
824 1921 1125 1975 exquaesitum
1144 1920 1373 1963 mulierum
1398 1934 1540 1963 mores
1557 1921 1708 1962 uenis?

842 2023 1078 2075 Antipho

212 2093 288 2136 Pol
327 2108 404 2149 ego
443 2108 622 2137 uxorem
663 2108 842 2148 quaero,
891 2101 1120 2149 postquam
1169 2101 1320 2137 nostra
1361 2100 1500 2137 mater
1538 2099 1710 2137 mortua

1165 2172 1243 2209 est.
1647 2179 1708 2211 111

812 2245 1108 2299 Paneyyris

214 2316 360 2360 Facile
390 2318 585 2360 inuenies
618 2324 661 2360 et
692 2319 880 2370 peiorem
914 2324 957 2359 et
988 2319 1111 2372 peius
1144 2323 1370 2368 moratam,
1401 2322 1538 2372 pater,

216 2387 352 2438 Quam
382 2389 458 2431 illa
488 2389 593 2441 fuit;
626 2389 843 2432 meliorem
870 2404 1009 2443 neque
1033 2394 1081 2431 tu
1104 2391 1295 2443 reperies
1319 2384 1459 2443 neque
1484 2390 1548 2432 sol
1572 2389 1709 2432 uidet.

333 2549 396 2583 100
420 2547 512 2592 Qum
537 2547 585 2590 Β,
611 2547 700 2582 Cum
731 2547 759 2582 G
843 2548 1010 2591 aequiust
1035 2548 1078 2589 A,
1104 2548 1255 2592 aequius
1281 2551 1338 2582 est
1361 2547 1433 2583 Bc
1514 2547 1652 2583 habere
1677 2547 1712 2582 B

219 2604 282 2638 102
306 2604 372 2639 AN
397 2615 464 2640 om.
523 2650 529 2656 ι
558 2608 710 2649 aequost
730 2605 762 2638 A
862 2606 924 2638 103
952 2603 1109 2639 Perinde
1134 2604 1202 2640 BC
1287 2616 1376 2649 quas
1401 2604 1472 2641 BC
1556 2605 1651 2639 sient
1677 2605 1710 2639 A

329 2659 410 2696 PIN
439 2660 468 2697 0
571 2663 635 2696 104
660 2661 761 2695 Enos
788 2659 1028 2704 magnificare
1128 2662 1209 2706 quis
1234 2661 1304 2697 BG
1408 2663 1471 2696 106
1496 2664 1533 2696 te
1559 2661 1619 2706 qui
1645 2660 1716 2696 BG

220 2717 283 2752 109
304 2721 394 2761 opta
418 2729 475 2754 me
500 2717 536 2752 B
625 2717 867 2763 oportetosed
894 2718 938 2760 A,
966 2722 1114 2762 oportet
1139 2719 1203 2753 sed
1228 2717 1296 2754 BC
1377 2719 1440 2753 113
1465 2718 1654 2763 repperies
1684 2716 1715 2754 0

330 2774 433 2810 uidet
456 2774 512 2810 sol
536 2774 604 2810 BC
