2009 3218
316 230 398 270 266
994 228 1115 263 Plauti
1427 230 1456 273 1,
1481 231 1513 273 2,
1539 229 1700 272 ivo-11,
1727 230 1803 270 1‚-4

318 351 467 394 Sciunt
497 353 601 407 quid
631 354 673 394 in
706 367 854 394 aurem
885 368 960 396 rex
992 354 1167 407 reginae
1199 354 1376 406 dixerit3

317 423 467 466 Sciunt
497 425 615 478 quod
645 424 751 467 Iuno
782 424 980 467 fabulata
1010 431 1076 467 est
1107 439 1202 466 cum
1234 425 1357 476 Ioue;

317 493 437 544 Quae
469 509 610 549 neque
642 494 817 538 fuerunt
847 511 987 551 neque
1019 501 1130 547 sunt,
1162 500 1306 538 tamen
1338 496 1402 538 illi
1435 498 1588 538 sciunt.
1700 514 1703 516 ·
1737 509 1804 542 210

315 566 501 608 Falsone
533 581 587 608 an
619 581 723 609 uero
757 568 935 610 laudent
965 568 1140 622 culpent
1171 581 1297 620 quem
1329 567 1480 619 uelint,
1557 623 1559 627 Α

317 638 412 679 Non
443 637 567 680 flocci
596 638 776 690 faciunt,
808 639 910 681 dum
940 639 1047 681 illud
1079 639 1194 692 quod
1224 639 1374 681 lubeat
1405 640 1556 681 sciant.

318 709 477 751 Omnes
509 711 718 753 mortales
749 711 866 753 hunc
897 711 1071 753 aiebant
1102 710 1324 752 Calliclem

317 781 546 835 Indignum
577 783 756 824 ciuitate
787 796 840 825 ac
869 797 964 825 sese
995 783 1158 833 uiuere,

317 853 449 895 Bonis
481 855 556 907 qui
585 853 699 896 hunc
728 855 1049 896 adulescentem
1082 854 1312 896 euortisset
1343 855 1444 896 suis.
1737 867 1804 900 215

318 924 410 978 Ego
443 925 496 966 de
515 939 679 971 ,eorum
711 926 858 968 uerbis
889 926 1241 979 famigeratorum
1273 927 1461 968 insciens
1504 921 1510 926 ⁶

318 997 503 1038 Prosilui
534 998 719 1039 amicum
750 999 1009 1052 castigatum
1039 998 1271 1039 innoxium.

318 1068 441 1118 Quod
471 1068 507 1110 si
539 1070 791 1122 exquiratur
821 1084 958 1125 usque
988 1069 1044 1111 ab
1078 1070 1213 1123 stirpe
1243 1071 1497 1121 auctoritas,

318 1139 440 1181 Unde
471 1140 662 1195 quidque
694 1141 894 1183 auditum
926 1141 1094 1194 dicant3
1124 1142 1209 1183 nisi
1239 1141 1286 1183 id
1316 1142 1540 1196 adpareat,

318 1211 350 1252 F
354 1212 631 1265 amigeratori
662 1227 732 1255 res
765 1215 821 1255 sit
851 1227 948 1255 cum
979 1213 1135 1255 damno
1167 1217 1211 1255 et
1243 1214 1376 1266 ma103
1739 1223 1807 1257 220

319 1283 412 1326 Hoc
442 1285 506 1326 ita
537 1285 574 1326 si
604 1285 694 1336 fiat,
726 1285 897 1339 publico
928 1285 1007 1326 fiat
1036 1285 1164 1327 bono.

319 1355 454 1397 Pauci
485 1357 572 1398 sint
601 1356 746 1408 faxim,
778 1358 852 1411 qui
883 1358 1026 1399 sciant
1057 1357 1172 1411 quod
1205 1357 1417 1409 nesciunt,

320 1427 703 1482 Occlusioremque
734 1429 926 1471 habeant
956 1429 1362 1483 stultiloquentiam.

906 1801 1228 1844 LYSITELES.

490 1916 649 1957 Multas
682 1931 749 1958 res
782 1917 927 1959 simitu
959 1916 1003 1957 in
1035 1929 1131 1957 meo
1164 1915 1293 1956 corde
1326 1929 1467 1964 uorso,

1903 111 1975 222 {s

1912 230 1935 249 ,⁸³

1917 248 1947 262 μ

1928 276 1934 284 .

490 1987 674 2029 Multum
706 1989 748 2030 in
781 1987 1013 2042 cogitando
1045 1987 1237 2030 dolorem
1268 1987 1513 2040 indipiscor.
1742 1991 1823 2032 225
1894 1983 1897 1986 ⁴
1964 1983 1970 1997 '

490 2059 671 2112 Egomet
703 2075 766 2101 me
799 2074 938 2115 coquo
969 2064 1013 2101 et
1042 2073 1213 2100 macero
1245 2064 1289 2100 et
1319 2059 1530 2112 defetigo;

490 2130 700 2184 Magister
731 2132 834 2174 mihi
865 2132 1080 2175 exercitor
1111 2132 1280 2173 animus
1311 2144 1424 2172 nunc
1455 2134 1533 2172 est.

435 2291 502 2324 208
527 2289 656 2325 Sciunt
670 2290 706 2324 id
722 2292 823 2334 quod
906 2291 972 2325 209
998 2290 1092 2325 Item
1107 2290 1230 2324 sciunt
1244 2289 1279 2323 id
1295 2289 1392 2333 quod
1407 2289 1439 2323 A
1522 2288 1688 2322 fabulata
1701 2288 1732 2322 si
1743 2286 1812 2323 BG

321 2349 388 2381 210
400 2348 523 2381 futura
538 2359 655 2391 nequo
670 2347 768 2381 facta
783 2352 867 2382 sunt
883 2347 951 2382 ΒΟ
1019 2349 1082 2381 211
1101 2348 1193 2381 falso
1208 2359 1290 2381 uam
1309 2346 1338 2382 Ο
1405 2348 1471 2380 212
1486 2346 1636 2380 iubeant
1650 2344 1684 2378 A
1742 2345 1807 2378 213

321 2404 449 2438 Omnis
475 2405 643 2438 mortalis
657 2403 723 2437 BG
791 2406 857 2438 214
881 2404 950 2438 hac
976 2409 1072 2438 esset.
1085 2404 1158 2447 BG,
1183 2404 1276 2439 haec
1289 2429 1387 2438 .....
1415 2403 1448 2436 A
1518 2404 1584 2436 215
1610 2402 1808 2437 euortisset

322 2461 492 2495 omnibus
519 2461 551 2494 A
634 2462 699 2494 216
725 2460 885 2494 Deorum
912 2461 1034 2495 uerbis
1060 2460 1105 2504 A,
1132 2461 1177 2495 de
1203 2461 1326 2495 uerbis
1352 2471 1475 2493 eorum
1505 2459 1535 2494 0
1611 2458 1808 2503 famigene·

322 2522 484 2552 ratorum
512 2517 543 2551 O
620 2517 757 2551 inscius
782 2517 847 2551 BC
927 2519 993 2552 218
1019 2518 1252 2561 exequiratur
1278 2516 1309 2550 A
1393 2518 1459 2551 219
1484 2514 1661 2560 quicquid
1741 2515 1808 2549 220

323 2575 576 2618 Famigerator
599 2574 652 2608 ire
678 2573 723 2616 Β,
751 2574 1037 2618 famigenerator
1062 2574 1114 2608 ire
1139 2574 1168 2609 0
1281 2576 1343 2608 221
1371 2574 1418 2607 bo
1446 2573 1474 2608 G
1588 2574 1654 2606 222
1677 2571 1806 2606 Paucis

322 2633 372 2666 ini
399 2631 465 2666 Bc*
531 2630 597 2665 223
623 2631 958 2674 stultiloquoutiam
984 2631 1148 2676 lysiteles
1173 2630 1240 2666 BG
1310 2630 1466 2665 Tit-alum
1491 2640 1556 2666 om.
1581 2629 1626 2672 B,
1655 2628 1685 2665 G'
1703 2627 1808 2664 addit

324 2687 706 2723 ADULESCENTES
812 2690 877 2722 204
902 2689 1020 2723 Multa
1043 2689 1078 2723 B
1189 2688 1325 2722 similes
1353 2687 1382 2722 G
1488 2688 1526 2722 in
1551 2687 1749 2721 cordemeo
1772 2683 1807 2719 Α.

324 2747 390 2780 225
417 2745 534 2779 Multa
554 2744 586 2778 A
682 2744 885 2788 indispicor
910 2745 943 2779 A
1029 2747 1095 2779 226
1120 2755 1224 2779 meco
1251 2755 1397 2789 quoquo
1418 2742 1486 2778 Bo
1570 2742 1737 2787 defecigo
1761 2741 1804 2784 Β,

325 2801 508 2846 defectigo
532 2800 560 2836 G
649 2802 715 2835 227
740 2800 838 2836 hunc
863 2800 932 2835 BC
