2009 3218
801 219 841 253 V.
869 221 1057 256 224—258.
1592 226 1671 265 625

191 347 458 384 palatinorum
518 346 629 384 codd.
690 347 923 395 scripturam
985 362 1070 386 cum
1130 349 1397 388 Studemundo
1453 349 1672 399 Festgruss.

192 414 390 452 Wuertzb.
422 427 459 463 p.
493 415 544 452 46
576 418 613 451 et
644 410 839 453 Schoellio
877 420 1032 453 secutus
1070 430 1152 454 sum
1185 419 1349 455 maxime
1379 422 1542 468 propter
1571 419 1673 456 anti—

190 495 308 531 quum
340 478 458 520 habet
487 495 558 532 pro
590 483 761 528 habitan
795 482 938 532 Speng.
964 497 1049 521 cum
1075 485 1108 521 A
1138 484 1378 522 trochaicum
1409 487 1673 536 septenarium

191 550 368 600 scripsit:
421 550 565 595 „Uelut
604 551 666 588 hic
704 555 763 588 est
802 536 1049 595 adulescens,
1097 553 1163 600 qui
1195 552 1347 590 habitat
1377 553 1460 601 hic,
1508 556 1675 604 agrestis

191 616 400 656 1-usticus“.
442 638 494 643 —
536 619 626 656 245.
675 616 796 656 dator
825 618 884 656 ed.
917 633 976 669 pr.
1018 639 1073 644 —
1119 620 1211 657 246.
1262 618 1386 667 „Sed“
1421 622 1494 659 del.
1529 621 1673 672 Gepp.3

191 699 238 723 ex
268 686 381 723 initio
412 699 447 723 v.
483 687 561 723 248
593 691 718 724 ortum
752 687 880 724 credo.
938 686 1101 735 patrem
1130 687 1175 723 A.
1212 707 1259 712 —
1293 685 1418 726 etiam
1448 686 1522 728 hac
1552 689 1675 735 nocte,

192 767 279 790 nam
311 754 452 803 saepius
493 754 530 791 id
569 756 733 799 fecerat,
772 759 817 792 ut
847 755 1054 791 maceriam
1088 754 1190 791 horti
1229 756 1467 805 transiliret,
1514 772 1548 795 v.
1583 758 1675 795 302.

191 822 437 859 Anibrosinni
476 823 710 872 scripturam
754 822 944 867 „transit“
988 827 1026 859 et
1066 822 1209 872 Speng.
1241 827 1377 861 tuetur
1413 828 1450 861 et
1481 825 1676 862 Abraham

193 891 291 927 Ann.
331 890 424 938 phil.
465 890 599 941 Suppl.
632 890 722 928 XIV
760 905 798 940 p.
833 892 924 929 239.
1002 890 1094 936 Quae
1139 892 1170 928 si
1216 904 1309 928 vera
1353 897 1431 938 est,
1483 891 1673 939 „transit“

192 959 412 995 necessario
452 971 536 996 cum
569 958 778 1008 Spengelio
817 971 890 1009 pro
929 959 1104 1008 perfecto
1137 958 1378 1006 habendum,
1419 973 1455 997 v.
1489 960 1536 996 ad
1569 961 1676 997 Asin.

194 1027 287 1064 735.
324 1044 373 1050 —
407 1027 498 1063 248.
532 1036 653 1072 unus,
686 1026 732 1064 cf.
761 1026 810 1063 ad
835 1026 955 1064 Stich.
987 1027 1077 1064 156.
1111 1046 1164 1051 -
1196 1027 1287 1064 249.
1320 1026 1569 1073 nostrarum,
1602 1029 1626 1064 i.
1645 1041 1677 1064 e.

193 1098 383 1138 nostrum,
416 1108 452 1131 v.
471 1095 518 1131 ad
537 1095 674 1143 Amph.
694 1095 731 1132 4.
759 1113 806 1120 -
842 1091 1058 1143 adyredz'ri
1074 1096 1119 1132 A.
1145 1115 1200 1119 —
1231 1096 1324 1133 250.
1356 1090 1460 1132 Item
1492 1096 1538 1132 ut
1568 1092 1616 1133 de
1632 1097 1677 1132 A.

193 1181 247 1187 —
277 1156 480 1205 absterret
509 1157 650 1211 abiait,
684 1163 730 1200 cf.
762 1162 814 1199 ad
845 1162 987 1212 Amph.
1025 1163 1085 1200 13.
1127 1182 1179 1188 —
1219 1164 1310 1201 251.
1354 1159 1419 1201 Ita
1450 1163 1512 1200 est
1541 1164 1585 1199 A.
1625 1182 1680 1187 —-

195 1230 286 1267 252.
322 1226 508 1271 intelam,
548 1231 594 1267 cf.
636 1230 741 1267 Trin.
777 1232 870 1268 870.
911 1250 964 1255 —
1002 1230 1114 1276 Quod
1152 1232 1190 1267 in
1229 1230 1341 1268 codd.
1375 1231 1472 1268 Pall.
1505 1234 1678 1268 extremo

195 1298 323 1335 versui
349 1298 510 1335 addit-ur
541 1296 746 1345 ,‚ancilla“‚
780 1298 827 1336 ad
859 1299 1014 1335 solitam
1046 1298 1322 1335 indicationem
1353 1300 1460 1337 tituli
1491 1299 1680 1348 proximae

193 1379 315 1404 scenae
346 1367 538 1415 pertinet3
571 1367 639 1404 sed
663 1367 911 1404 scribendum
938 1371 1040 1403 erat:
1077 1366 1244 1413 „ancilla
1266 1364 1560 1414 truculentus“;
1591 1367 1681 1405 inde

192 1435 387 1484 posterius
419 1435 581 1471 retinuit
611 1435 856 1482 rubricator,
898 1447 971 1485 pro
1010 1434 1134 1471 altero
1178 1447 1316 1471 nomen
1349 1435 1498 1473 ancillae
1530 1438 1680 1484 posuit3

194 1515 263 1539 nos
295 1503 372 1540 duo
403 1504 559 1540 nomina
591 1503 802 1552 posuimus

308 1571 385 1608 253
418 1584 502 1620 sqq.
536 1572 748 1621 septenarii
772 1571 973 1608 trochaici.
1040 1572 1103 1617 „in
1128 1575 1281 1608 nostras
1307 1567 1438 1608 aedis“
1468 1571 1679 1618 Beutleius,
1718 1575 1720 1578 '

193 1638 376 1685 Goeller„
410 1638 510 1686 Sch.‚
537 1639 582 1676 cf.
610 1638 742 1676 Attius
774 1652 835 1688 ap.
862 1638 939 1676 Cic.
968 1637 1096 1676 Divin.
1117 1638 1146 1683 Ι,
1181 1639 1244 1683 22,
1279 1639 1350 1676 44;
1395 1638 1570 1685 „Deinde
1601 1640 1682 1676 eius

196 1718 402 1754 germanus
442 1707 623 1744 cornibus
663 1707 827 1744 conitier
857 1706 902 1743 In
934 1719 993 1743 me
1024 1704 1234 1744 arietare“.
1309 1706 1468 1744 Omissae
1498 1707 1683 1756 praeposi·

195 1775 314 1812 tionis
352 1775 570 1823 exemplum
611 1788 646 1812 v.
688 1775 820 1813 Senec.
861 1774 1007 1824 Tranq.
1049 1788 1110 1812 an.
1148 1776 1188 1820 1,
1233 1775 1278 1811 11
1323 1778 1465 1823 praeter
1501 1775 1543 1812 id
1580 1774 1684 1824 quod

196 1841 336 1892 Speng.
358 1842 490 1889 affert,
531 1842 670 1880 Nazar.
692 1842 831 1892 Paneg.
858 1841 990 1880 Const.
1018 1844 1088 1880 23:
1125 1844 1272 1890 „aciem
1304 1839 1597 1879 arietaverint“.
1631 1861 1683 1867 —-

199 1911 292 1947 254.
329 1905 469 1958 Quid?
499 1906 602 1960 690?
641 1912 686 1948 cf.
720 1911 860 1961 Amph.
898 1911 1022 1948 1014:
1075 1909 1182 1959 „Ego
1213 1908 1324 1947 sum?
1364 1909 1417 1947 Μ.
1450 1908 1580 1956 Quid?
1614 1923 1683 1960 ego

197 1975 333 2015 sum?“
361 1997 417 2003 —-
440 1975 595 2016 Nonne
620 1990 691 2028 eyo
714 1976 861 2017 uideor
880 1973 985 2016 tibi?
1029 1977 1102 2023 Qui
1123 1976 1258 2025 „Non“
1279 1978 1494 2028 postulant,
1527 1977 1684 2015 videant

199 2059 288 2084 ann.
330 2046 378 2083 ad
410 2046 551 2096 Amph.
583 2047 684 2092 403,
736 2046 825 2084 add.
858 2046 978 2083 Merc.
1014 2047 1107 2083 866.
1155 2045 1241 2083 Ter.
1275 2045 1395 2083 Andr.
1430 2046 1523 2083 238.
1550 2044 1553 2047 ’
1585 2045 1685 2083 Vera

199 2114 394 2163 scriptura
432 2115 591 2152 inventa
624 2117 871 2163 superiorum
903 2127 1056 2151 errores
1088 2126 1320 2151 enumerare
1351 2114 1598 2163 supersedeo.
1633 2134 1686 2140 ——-

201 2182 294 2220 255.
327 2178 383 2220 acl
411 2179 532 2220 hasce
562 2183 607 2219 A.
668 2180 781 2221 aedis
812 2182 873 2221 est
903 2182 1016 2220 Both.
1078 2181 1134 2218 De
1165 2185 1364 2218 structura
1395 2181 1442 2219 cf.
1469 2181 1517 2218 ad
1542 2182 1684 2232 Amph.

203 2251 295 2288 515.
342 2250 444 2287 infra
485 2251 562 2288 613
595 2263 678 2300 sqq.
719 2270 771 2275 —
814 2251 906 2288 256.
955 2250 1048 2287 tuae
1086 2245 1256 2296 salutis,
1303 2251 1327 2286 i.
1361 2262 1394 2286 e.
1426 2250 1686 2297 salutationis,

201 2317 248 2354 cf.
274 2318 380 2355 Asin.
407 2319 509 2356 902:
560 2317 724 2365 ‚,Mater,
763 2318 883 2355 salue.
917 2319 962 2355 A.
997 2317 1065 2355 Sat
1095 2315 1290 2354 salut-is?“
1354 2316 1454 2355 Mire
1478 2317 1558 2355 Leo
1585 2318 1686 2356 Mus.

203 2384 272 2421 Rh.
305 2384 513 2422 XXXVIII
550 2399 588 2435 p.
626 2387 643 2422 1
685 2386 813 2433 iungit
866 2390 981 2432 „tuae
1023 2385 1162 2422 salutis
1203 2383 1262 2421 nil'
1300 2382 1470 2423 moror“.
1512 2405 1567 2410 ——
1605 2395 1686 2423 ozon

200 2448 370 2490 salueo?
400 2452 461 2490 BC
493 2457 532 2490 et
562 2453 712 2490 Marius
743 2452 894 2490 Plotius
919 2451 1108 2491 Sacerdos
1140 2465 1177 2502 p.
1203 2453 1282 2490 433
1312 2452 1364 2489 K:
1402 2451 1525 2498 „Sunt
1556 2453 1687 2499 verba,

203 2533 289 2570 quae
320 2525 359 2558 et
396 2521 521 2558 modis
560 2525 599 2558 et
637 2520 816 2559 omnibus
856 2521 1098 2569 temporibus
1138 2525 1178 2557 et
1215 2521 1394 2570 personis
1436 2520 1619 2558 deficiant
1651 2526 1688 2558 et

205 2589 284 2628 haec
327 2589 599 2626 tantummodo
644 2589 831 2626 habeant:
884 2588 1008 2634 salue,
1061 2589 1230 2634 saluete,
1276 2588 1452 2634 saluere3
1510 2590 1688 2638 quamvis

205 2657 367 2694 Plautus
410 2658 450 2694 in
491 2657 730 2694 Truculento
769 2656 945 2704 posuerit
987 2669 1088 2703 „non
1126 2654 1299 2702 salueo“,
1347 2656 1414 2693 sed
1455 2656 1689 2703 inridenter,

207 2737 293 2762 uam
325 2725 372 2762 de
402 2737 569 2774 persona
599 2725 733 2762 rustici
764 2721 898 2761 dicit“.
960 2722 1015 2761 Cf.
1048 2724 1101 2762 id.
1126 2737 1163 2774 p.
1192 2725 1286 2761 490.
1321 2743 1369 2749 —
1406 2725 1499 2761 257.
1531 2720 1689 2773 Aeyro-

205 2792 294 2830 tare
323 2788 461 2830 malim
493 2803 614 2842 quam
633 2822 640 2830 .
658 2801 723 2830 sse
754 2792 824 2829 tua
847 2791 891 2828 A.
920 2810 974 2816 —
1000 2792 1092 2830 258.
1126 2787 1212 2830 Sed
1227 2793 1273 2829 A.
1298 2811 1351 2817 —
1379 2787 1481 2840 quid
1512 2786 1689 2837 debetur,

343 2866 379 2893 v.
1254 2856 1258 2859 “
1382 2867 1426 2899 40
