<?xml version="1.0" encoding="UTF-8"?>
<!DOCTYPE html PUBLIC "-//W3C//DTD XHTML 1.0 Transitional//EN"
    "http://www.w3.org/TR/xhtml1/DTD/xhtml1-transitional.dtd">
<html xmlns="http://www.w3.org/1999/xhtml" xml:lang="en" lang="en">
 <head>
  <title>
</title>
<meta http-equiv="Content-Type" content="text/html;charset=utf-8" />
  <meta name='ocr-system' content='tesseract 3.04.00' />
  <meta name='ocr-capabilities' content='ocr_page ocr_carea ocr_par ocr_line ocrx_word'/>
</head>
<body>
  <div class='ocr_page' id='page_1' title='image "./comoediaerecensu05plauuoft_0321.png"; bbox 0 0 2009 3218; ppageno 0'>
   <div class='ocr_carea' id='block_1_1' title="bbox 144 146 1629 191">
    <p class='ocr_par' dir='ltr' id='par_1_1' title="bbox 144 146 1629 191">
     <span class='ocr_line' id='line_1_1' title="bbox 144 146 1629 191; baseline -0.001 -6"><span class='ocrx_word' id='word_1_1' title='bbox 144 149 207 191; x_wconf 80' lang='lat' dir='ltr'>lv,</span> <span class='ocrx_word' id='word_1_2' title='bbox 233 150 266 189; x_wconf 76' lang='lat'>2.</span> <span class='ocrx_word' id='word_1_3' title='bbox 293 146 469 182; x_wconf 75' lang='lat'><strong>117—127</strong></span> <span class='ocrx_word' id='word_1_4' title='bbox 770 146 1016 181; x_wconf 77' lang='lat' dir='ltr'>Trinummus.</span> <span class='ocrx_word' id='word_1_5' title='bbox 1550 148 1629 185; x_wconf 75' lang='grc' dir='ltr'>3Ῑῖ)</span> 
     </span>
    </p>
   </div>
   <div class='ocr_carea' id='block_1_2' title="bbox 144 269 1631 525">
    <p class='ocr_par' dir='ltr' id='par_1_2' title="bbox 144 269 1628 326">
     <span class='ocr_line' id='line_1_2' title="bbox 144 269 1628 326; baseline -0.003 -10"><span class='ocrx_word' id='word_1_6' title='bbox 144 274 186 317; x_wconf 87' lang='lat' dir='ltr'>Si</span> <span class='ocrx_word' id='word_1_7' title='bbox 210 273 320 315; x_wconf 88' lang='lat' dir='ltr'>hunc</span> <span class='ocrx_word' id='word_1_8' title='bbox 345 285 517 326; x_wconf 85' lang='lat' dir='ltr'>possum</span> <span class='ocrx_word' id='word_1_9' title='bbox 543 270 616 312; x_wconf 85' lang='lat' dir='ltr'>illo</span> <span class='ocrx_word' id='word_1_10' title='bbox 641 271 755 313; x_wconf 90' lang='lat' dir='ltr'>mille</span> <span class='ocrx_word' id='word_1_11' title='bbox 780 285 998 313; x_wconf 88' lang='lat' dir='ltr'>nummum</span> <span class='ocrx_word' id='word_1_12' title='bbox 1026 269 1269 324; x_wconf 84' lang='lat' dir='ltr'>Philippum</span> <span class='ocrx_word' id='word_1_13' title='bbox 1293 269 1628 312; x_wconf 68' lang='lat' dir='ltr'>circumducere.</span> 
     </span>
    </p>

    <p class='ocr_par' dir='ltr' id='par_1_3' title="bbox 145 340 1631 396">
     <span class='ocr_line' id='line_1_3' title="bbox 145 340 1631 396; baseline -0.004 -9"><span class='ocrx_word' id='word_1_14' title='bbox 145 344 266 396; x_wconf 86' lang='lat' dir='ltr'>Quod</span> <span class='ocrx_word' id='word_1_15' title='bbox 285 344 365 386; x_wconf 87' lang='lat' dir='ltr'>sibi</span> <span class='ocrx_word' id='word_1_16' title='bbox 383 357 447 385; x_wconf 86' lang='lat' dir='ltr'>me</span> <span class='ocrx_word' id='word_1_17' title='bbox 468 343 637 385; x_wconf 82' lang='lat' dir='ltr'><strong>dedisse</strong></span> <span class='ocrx_word' id='word_1_18' title='bbox 655 343 776 384; x_wconf 81' lang='lat' dir='ltr'><strong>dixit.</strong></span> <span class='ocrx_word' id='word_1_19' title='bbox 825 340 958 391; x_wconf 85' lang='lat' dir='ltr'><strong>Quem</strong></span> <span class='ocrx_word' id='word_1_20' title='bbox 984 356 1063 395; x_wconf 86' lang='lat' dir='ltr'>ego</span> <span class='ocrx_word' id='word_1_21' title='bbox 1082 342 1154 395; x_wconf 89' lang='lat' dir='ltr'>qui</span> <span class='ocrx_word' id='word_1_22' title='bbox 1174 342 1231 382; x_wconf 80' lang='lat' dir='ltr'>sit</span> <span class='ocrx_word' id='word_1_23' title='bbox 1249 340 1376 382; x_wconf 80' lang='lat' dir='ltr'>homo</span> <span class='ocrx_word' id='word_1_24' title='bbox 1396 341 1537 382; x_wconf 86' lang='lat' dir='ltr'>nescio</span> <span class='ocrx_word' id='word_1_25' title='bbox 1564 352 1631 385; x_wconf 73' lang='lat'>960</span> 
     </span>
    </p>

    <p class='ocr_par' dir='ltr' id='par_1_4' title="bbox 144 412 1628 525">
     <span class='ocr_line' id='line_1_4' title="bbox 144 412 1628 471; baseline -0.003 -13"><span class='ocrx_word' id='word_1_26' title='bbox 144 416 290 471; x_wconf 83' lang='lat' dir='ltr'>Neque</span> <span class='ocrx_word' id='word_1_27' title='bbox 329 414 466 456; x_wconf 83' lang='lat' dir='ltr'>oculis</span> <span class='ocrx_word' id='word_1_28' title='bbox 506 419 606 456; x_wconf 86' lang='lat' dir='ltr'>ante</span> <span class='ocrx_word' id='word_1_29' title='bbox 644 413 756 456; x_wconf 90' lang='lat' dir='ltr'>hunc</span> <span class='ocrx_word' id='word_1_30' title='bbox 797 413 909 455; x_wconf 87' lang='lat' dir='ltr'>diem</span> <span class='ocrx_word' id='word_1_31' title='bbox 951 427 1151 468; x_wconf 82' lang='lat' dir='ltr'>umquam</span> <span class='ocrx_word' id='word_1_32' title='bbox 1194 412 1305 461; x_wconf 86' lang='lat' dir='ltr'>uidi,</span> <span class='ocrx_word' id='word_1_33' title='bbox 1353 413 1445 454; x_wconf 85' lang='lat' dir='ltr'>cine</span> <span class='ocrx_word' id='word_1_34' title='bbox 1478 426 1628 454; x_wconf 84' lang='lat' dir='ltr'>aurum</span> 
     </span>
     <span class='ocr_line' id='line_1_5' title="bbox 1087 484 1338 525; baseline 0 0"><span class='ocrx_word' id='word_1_35' title='bbox 1087 484 1338 525; x_wconf 77' lang='lat' dir='ltr'>crederem?</span> 
     </span>
    </p>
   </div>
   <div class='ocr_carea' id='block_1_3' title="bbox 145 556 1628 668">
    <p class='ocr_par' dir='ltr' id='par_1_5' title="bbox 145 556 1628 668">
     <span class='ocr_line' id='line_1_6' title="bbox 145 556 1628 612; baseline -0.002 -12"><span class='ocrx_word' id='word_1_36' title='bbox 145 558 265 609; x_wconf 78' lang='lat' dir='ltr'>Quoi,</span> <span class='ocrx_word' id='word_1_37' title='bbox 306 559 340 600; x_wconf 85' lang='lat' dir='ltr'>si</span> <span class='ocrx_word' id='word_1_38' title='bbox 373 557 528 612; x_wconf 84' lang='lat' dir='ltr'>capitis</span> <span class='ocrx_word' id='word_1_39' title='bbox 559 571 628 599; x_wconf 84' lang='lat' dir='ltr'>res</span> <span class='ocrx_word' id='word_1_40' title='bbox 660 558 728 607; x_wconf 87' lang='lat' dir='ltr'>sit,</span> <span class='ocrx_word' id='word_1_41' title='bbox 769 571 986 598; x_wconf 86' lang='lat' dir='ltr'>nummum</span> <span class='ocrx_word' id='word_1_42' title='bbox 1020 570 1252 609; x_wconf 73' lang='lat' dir='ltr'>numquam</span> <span class='ocrx_word' id='word_1_43' title='bbox 1287 556 1458 598; x_wconf 85' lang='lat' dir='ltr'>credam</span> <span class='ocrx_word' id='word_1_44' title='bbox 1494 557 1628 609; x_wconf 81' lang='lat' dir='ltr'>plum—</span> 
     </span>
     <span class='ocr_line' id='line_1_7' title="bbox 1092 628 1229 668; baseline -0.007 0"><span class='ocrx_word' id='word_1_45' title='bbox 1092 628 1229 668; x_wconf 82' lang='lat' dir='ltr'>heum.</span> 
     </span>
    </p>
   </div>
   <div class='ocr_carea' id='block_1_4' title="bbox 146 699 1630 1119">
    <p class='ocr_par' dir='ltr' id='par_1_6' title="bbox 146 699 1630 1119">
     <span class='ocr_line' id='line_1_8' title="bbox 146 699 1629 754; baseline -0.003 -11"><span class='ocrx_word' id='word_1_46' title='bbox 146 701 492 754; x_wconf 74' lang='lat' dir='ltr'>Adgrediundust</span> <span class='ocrx_word' id='word_1_47' title='bbox 530 700 597 742; x_wconf 85' lang='lat' dir='ltr'>hic</span> <span class='ocrx_word' id='word_1_48' title='bbox 635 700 760 742; x_wconf 88' lang='lat' dir='ltr'>homo</span> <span class='ocrx_word' id='word_1_49' title='bbox 799 700 855 741; x_wconf 89' lang='lat' dir='ltr'>mi</span> <span class='ocrx_word' id='word_1_50' title='bbox 887 704 998 741; x_wconf 75' lang='lat' dir='ltr'>astu.</span> <span class='ocrx_word' id='word_1_51' title='bbox 1075 699 1214 745; x_wconf 82' lang='lat' dir='ltr'>Heus,</span> <span class='ocrx_word' id='word_1_52' title='bbox 1264 699 1370 745; x_wconf 78' lang='lat' dir='ltr'>Pax,</span> <span class='ocrx_word' id='word_1_53' title='bbox 1417 706 1460 741; x_wconf 89' lang='lat' dir='ltr'>te</span> <span class='ocrx_word' id='word_1_54' title='bbox 1491 700 1629 741; x_wconf 61' lang='lat' dir='ltr'>tribus</span> 
     </span>
     <span class='ocr_line' id='line_1_9' title="bbox 1089 770 1380 824; baseline 0.003 -13"><span class='ocrx_word' id='word_1_55' title='bbox 1089 770 1237 812; x_wconf 83' lang='lat' dir='ltr'>uerbis</span> <span class='ocrx_word' id='word_1_56' title='bbox 1269 770 1380 824; x_wconf 49' lang='lat' dir='ltr'>uolo:</span> 
     </span>
     <span class='ocr_line' id='line_1_10' title="bbox 711 850 1058 905; baseline -0.006 -12"><span class='ocrx_word' id='word_1_57' title='bbox 711 850 1058 905; x_wconf 75' lang='lat' dir='ltr'>Sycophanta</span> 
     </span>
     <span class='ocr_line' id='line_1_11' title="bbox 146 923 474 965; baseline -0.003 0"><span class='ocrx_word' id='word_1_58' title='bbox 146 923 223 965; x_wconf 87' lang='lat' dir='ltr'>Uel</span> <span class='ocrx_word' id='word_1_59' title='bbox 255 924 474 965; x_wconf 82' lang='lat' dir='ltr'>trecentis.</span> 
     </span>
     <span class='ocr_line' id='line_1_12' title="bbox 725 994 1035 1036; baseline -0.003 0"><span class='ocrx_word' id='word_1_60' title='bbox 725 994 1035 1036; x_wconf 85' lang='lat' dir='ltr'>Charmides</span> 
     </span>
     <span class='ocr_line' id='line_1_13' title="bbox 388 1064 1630 1119; baseline -0.001 -11"><span class='ocrx_word' id='word_1_61' title='bbox 388 1066 538 1108; x_wconf 81' lang='lat' dir='ltr'>Haben</span> <span class='ocrx_word' id='word_1_62' title='bbox 569 1072 616 1108; x_wconf 92' lang='lat' dir='ltr'>tu</span> <span class='ocrx_word' id='word_1_63' title='bbox 649 1067 692 1108; x_wconf 89' lang='lat' dir='ltr'>id</span> <span class='ocrx_word' id='word_1_64' title='bbox 725 1080 892 1112; x_wconf 73' lang='lat' dir='ltr'>aurum,</span> <span class='ocrx_word' id='word_1_65' title='bbox 925 1065 1039 1119; x_wconf 86' lang='lat' dir='ltr'>quod</span> <span class='ocrx_word' id='word_1_66' title='bbox 1073 1066 1280 1119; x_wconf 80' lang='lat' dir='ltr'>accepisti</span> <span class='ocrx_word' id='word_1_67' title='bbox 1312 1079 1335 1106; x_wconf 85' lang='lat' dir='ltr'>a</span> <span class='ocrx_word' id='word_1_68' title='bbox 1371 1064 1630 1108; x_wconf 57' lang='lat' dir='ltr'>Charmide?</span> 
     </span>
    </p>
   </div>
   <div class='ocr_carea' id='block_1_5' title="bbox 145 1156 1629 1342">
    <p class='ocr_par' dir='ltr' id='par_1_7' title="bbox 145 1156 1629 1342">
     <span class='ocr_line' id='line_1_14' title="bbox 712 1156 1059 1210; baseline -0.009 -10"><span class='ocrx_word' id='word_1_69' title='bbox 712 1156 1059 1210; x_wconf 81' lang='lat' dir='ltr'>Sycophanta</span> 
     </span>
     <span class='ocr_line' id='line_1_15' title="bbox 145 1228 1629 1284; baseline -0.001 -13"><span class='ocrx_word' id='word_1_70' title='bbox 145 1230 282 1284; x_wconf 83' lang='lat' dir='ltr'><strong>Atque</strong></span> <span class='ocrx_word' id='word_1_71' title='bbox 314 1230 444 1271; x_wconf 85' lang='lat' dir='ltr'>etiam</span> <span class='ocrx_word' id='word_1_72' title='bbox 476 1228 757 1283; x_wconf 82' lang='lat' dir='ltr'>Philippeum,</span> <span class='ocrx_word' id='word_1_73' title='bbox 790 1233 1063 1270; x_wconf 86' lang='lat' dir='ltr'>numeratum</span> <span class='ocrx_word' id='word_1_74' title='bbox 1096 1228 1210 1270; x_wconf 80' lang='lat' dir='ltr'>illius</span> <span class='ocrx_word' id='word_1_75' title='bbox 1241 1229 1282 1270; x_wconf 89' lang='lat' dir='ltr'>in</span> <span class='ocrx_word' id='word_1_76' title='bbox 1318 1243 1463 1270; x_wconf 86' lang='lat' dir='ltr'>mensa</span> <span class='ocrx_word' id='word_1_77' title='bbox 1491 1244 1629 1270; x_wconf 86' lang='lat' dir='ltr'>manu.</span> 
     </span>
     <span class='ocr_line' id='line_1_16' title="bbox 146 1300 522 1342; baseline -0.003 0"><span class='ocrx_word' id='word_1_78' title='bbox 146 1300 261 1342; x_wconf 88' lang='lat' dir='ltr'>Mille</span> <span class='ocrx_word' id='word_1_79' title='bbox 292 1314 522 1342; x_wconf 85' lang='lat' dir='ltr'>nummum.</span> 
     </span>
    </p>
   </div>
   <div class='ocr_carea' id='block_1_6' title="bbox 556 1378 1631 1506">
    <p class='ocr_par' dir='ltr' id='par_1_8' title="bbox 556 1378 1631 1506">
     <span class='ocr_line' id='line_1_17' title="bbox 727 1378 1042 1422; baseline 0.003 -1"><span class='ocrx_word' id='word_1_80' title='bbox 727 1378 1042 1422; x_wconf 85' lang='lat' dir='ltr'>Charmides</span> 
     </span>
     <span class='ocr_line' id='line_1_18' title="bbox 556 1450 1631 1506; baseline 0 -13"><span class='ocrx_word' id='word_1_81' title='bbox 556 1451 718 1506; x_wconf 85' lang='lat' dir='ltr'>Nempe</span> <span class='ocrx_word' id='word_1_82' title='bbox 752 1452 806 1494; x_wconf 88' lang='lat' dir='ltr'>ab</span> <span class='ocrx_word' id='word_1_83' title='bbox 840 1453 932 1506; x_wconf 89' lang='lat' dir='ltr'>ipso</span> <span class='ocrx_word' id='word_1_84' title='bbox 966 1452 1008 1493; x_wconf 92' lang='lat' dir='ltr'>id</span> <span class='ocrx_word' id='word_1_85' title='bbox 1041 1453 1249 1506; x_wconf 83' lang='lat' dir='ltr'>accepisti</span> <span class='ocrx_word' id='word_1_86' title='bbox 1281 1450 1539 1494; x_wconf 75' lang='lat' dir='ltr'>Charmide?</span> <span class='ocrx_word' id='word_1_87' title='bbox 1565 1465 1631 1498; x_wconf 86' lang='lat'>966</span> 
     </span>
    </p>
   </div>
   <div class='ocr_carea' id='block_1_7' title="bbox 148 1546 1631 1731">
    <p class='ocr_par' dir='ltr' id='par_1_9' title="bbox 148 1546 1631 1731">
     <span class='ocr_line' id='line_1_19' title="bbox 714 1546 1057 1600; baseline -0.003 -11"><span class='ocrx_word' id='word_1_88' title='bbox 714 1546 1057 1600; x_wconf 77' lang='lat' dir='ltr'>Sycophanta</span> 
     </span>
     <span class='ocr_line' id='line_1_20' title="bbox 148 1617 1631 1672; baseline 0 -13"><span class='ocrx_word' id='word_1_89' title='bbox 148 1617 298 1659; x_wconf 87' lang='lat' dir='ltr'>Mirum</span> <span class='ocrx_word' id='word_1_90' title='bbox 338 1619 440 1672; x_wconf 89' lang='lat' dir='ltr'>quin</span> <span class='ocrx_word' id='word_1_91' title='bbox 480 1617 534 1659; x_wconf 86' lang='lat' dir='ltr'>ab</span> <span class='ocrx_word' id='word_1_92' title='bbox 574 1631 658 1659; x_wconf 89' lang='lat' dir='ltr'>auo</span> <span class='ocrx_word' id='word_1_93' title='bbox 697 1619 786 1660; x_wconf 78' lang='lat' dir='ltr'>eius</span> <span class='ocrx_word' id='word_1_94' title='bbox 819 1624 892 1659; x_wconf 87' lang='lat' dir='ltr'>aut</span> <span class='ocrx_word' id='word_1_95' title='bbox 925 1632 1087 1671; x_wconf 83' lang='lat' dir='ltr'>proauo</span> <span class='ocrx_word' id='word_1_96' title='bbox 1119 1619 1377 1672; x_wconf 83' lang='lat' dir='ltr'>acciperem.</span> <span class='ocrx_word' id='word_1_97' title='bbox 1426 1621 1497 1672; x_wconf 86' lang='lat' dir='ltr'>qui</span> <span class='ocrx_word' id='word_1_98' title='bbox 1531 1627 1631 1660; x_wconf 78' lang='lat' dir='ltr'>sunt</span> 
     </span>
     <span class='ocr_line' id='line_1_21' title="bbox 1092 1691 1266 1731; baseline -0.011 0"><span class='ocrx_word' id='word_1_99' title='bbox 1092 1691 1266 1731; x_wconf 87' lang='lat' dir='ltr'>mortui.</span> 
     </span>
    </p>
   </div>
   <div class='ocr_carea' id='block_1_8' title="bbox 148 1767 1171 1888">
    <p class='ocr_par' dir='ltr' id='par_1_10' title="bbox 148 1767 1171 1888">
     <span class='ocr_line' id='line_1_22' title="bbox 728 1767 1041 1810; baseline 0 0"><span class='ocrx_word' id='word_1_100' title='bbox 728 1767 1041 1810; x_wconf 86' lang='lat' dir='ltr'>Charmides</span> 
     </span>
     <span class='ocr_line' id='line_1_23' title="bbox 148 1839 1171 1888; baseline 0.001 -7"><span class='ocrx_word' id='word_1_101' title='bbox 148 1839 420 1888; x_wconf 77' lang='lat' dir='ltr'>Adulescens,</span> <span class='ocrx_word' id='word_1_102' title='bbox 454 1839 559 1881; x_wconf 90' lang='lat' dir='ltr'>cedo</span> <span class='ocrx_word' id='word_1_103' title='bbox 593 1839 694 1881; x_wconf 88' lang='lat' dir='ltr'>dum</span> <span class='ocrx_word' id='word_1_104' title='bbox 726 1841 838 1882; x_wconf 85' lang='lat' dir='ltr'>istuc</span> <span class='ocrx_word' id='word_1_105' title='bbox 869 1855 1019 1882; x_wconf 87' lang='lat' dir='ltr'>aurum</span> <span class='ocrx_word' id='word_1_106' title='bbox 1054 1841 1171 1882; x_wconf 88' lang='lat' dir='ltr'>mihi.</span> 
     </span>
    </p>
   </div>
   <div class='ocr_carea' id='block_1_9' title="bbox 149 1934 1632 2221">
    <p class='ocr_par' dir='ltr' id='par_1_11' title="bbox 149 1934 1632 2221">
     <span class='ocr_line' id='line_1_24' title="bbox 715 1934 1061 1989; baseline 0 -13"><span class='ocrx_word' id='word_1_107' title='bbox 715 1934 1061 1989; x_wconf 83' lang='lat' dir='ltr'>Sycophanta</span> 
     </span>
     <span class='ocr_line' id='line_1_25' title="bbox 943 2006 1632 2060; baseline 0 -12"><span class='ocrx_word' id='word_1_108' title='bbox 943 2006 1063 2055; x_wconf 79' lang='lat' dir='ltr'>Quod</span> <span class='ocrx_word' id='word_1_109' title='bbox 1101 2021 1178 2060; x_wconf 81' lang='lat' dir='ltr'>ego</span> <span class='ocrx_word' id='word_1_110' title='bbox 1211 2021 1363 2048; x_wconf 90' lang='lat' dir='ltr'>aurum</span> <span class='ocrx_word' id='word_1_111' title='bbox 1396 2008 1489 2048; x_wconf 81' lang='lat' dir='ltr'>dem</span> <span class='ocrx_word' id='word_1_112' title='bbox 1523 2008 1632 2049; x_wconf 71' lang='lat' dir='ltr'>tibi?</span> 
     </span>
     <span class='ocr_line' id='line_1_26' title="bbox 727 2096 1039 2154; baseline 0 -16"><span class='ocrx_word' id='word_1_113' title='bbox 727 2096 1039 2154; x_wconf 82' lang='lat' dir='ltr'>Charmides</span> 
     </span>
     <span class='ocr_line' id='line_1_27' title="bbox 149 2166 947 2221; baseline 0.001 -13"><span class='ocrx_word' id='word_1_114' title='bbox 149 2166 270 2218; x_wconf 87' lang='lat' dir='ltr'>Quod</span> <span class='ocrx_word' id='word_1_115' title='bbox 303 2182 327 2209; x_wconf 84' lang='lat' dir='ltr'>a</span> <span class='ocrx_word' id='word_1_116' title='bbox 360 2183 424 2209; x_wconf 85' lang='lat' dir='ltr'>me</span> <span class='ocrx_word' id='word_1_117' title='bbox 455 2174 496 2210; x_wconf 87' lang='lat' dir='ltr'>te</span> <span class='ocrx_word' id='word_1_118' title='bbox 528 2170 747 2221; x_wconf 80' lang='lat' dir='ltr'>accepisse</span> <span class='ocrx_word' id='word_1_119' title='bbox 781 2168 947 2210; x_wconf 79' lang='lat' dir='ltr'>fassu&#39;s.</span> 
     </span>
    </p>
   </div>
   <div class='ocr_carea' id='block_1_10' title="bbox 714 2258 1380 2384">
    <p class='ocr_par' dir='ltr' id='par_1_12' title="bbox 714 2258 1380 2384">
     <span class='ocr_line' id='line_1_28' title="bbox 714 2258 1056 2313; baseline -0.003 -12"><span class='ocrx_word' id='word_1_120' title='bbox 714 2258 1056 2313; x_wconf 76' lang='lat' dir='ltr'>Sycophanta</span> 
     </span>
     <span class='ocr_line' id='line_1_29' title="bbox 940 2330 1380 2384; baseline 0.002 -14"><span class='ocrx_word' id='word_1_121' title='bbox 940 2330 1025 2371; x_wconf 88' lang='lat' dir='ltr'>Abs</span> <span class='ocrx_word' id='word_1_122' title='bbox 1056 2335 1098 2372; x_wconf 89' lang='lat' dir='ltr'>te</span> <span class='ocrx_word' id='word_1_123' title='bbox 1130 2333 1349 2384; x_wconf 82' lang='lat' dir='ltr'>accepisse</span> <span class='ocrx_word' id='word_1_124' title='bbox 1361 2332 1380 2371; x_wconf 71' lang='lat'>⁶?</span> 
     </span>
    </p>
   </div>
   <div class='ocr_carea' id='block_1_11' title="bbox 729 2408 1628 2521">
    <p class='ocr_par' dir='ltr' id='par_1_13' title="bbox 729 2408 1628 2521">
     <span class='ocr_line' id='line_1_30' title="bbox 729 2408 1041 2451; baseline 0 0"><span class='ocrx_word' id='word_1_125' title='bbox 729 2408 1041 2451; x_wconf 86' lang='lat' dir='ltr'>Charmides</span> 
     </span>
     <span class='ocr_line' id='line_1_31' title="bbox 1363 2467 1628 2521; baseline -0.008 -13"><span class='ocrx_word' id='word_1_126' title='bbox 1363 2467 1431 2508; x_wconf 81' lang='lat' dir='ltr'>Ita</span> <span class='ocrx_word' id='word_1_127' title='bbox 1462 2467 1628 2521; x_wconf 83' lang='lat' dir='ltr'>loquor.</span> 
     </span>
    </p>
   </div>
   <div class='ocr_carea' id='block_1_12' title="bbox 153 2543 414 2550">
    <p class='ocr_par' dir='ltr' id='par_1_14' title="bbox 153 2543 414 2550">
     <span class='ocr_line' id='line_1_32' title="bbox 153 2543 414 2550; baseline 0 668"><span class='ocrx_word' id='word_1_128' title='bbox 153 2543 414 2550; x_wconf 95' lang='lat' dir='ltr'> </span> 
     </span>
    </p>
   </div>
   <div class='ocr_carea' id='block_1_13' title="bbox 149 2599 1633 2757">
    <p class='ocr_par' dir='ltr' id='par_1_15' title="bbox 149 2599 1633 2757">
     <span class='ocr_line' id='line_1_33' title="bbox 258 2599 1630 2644; baseline 0.001 -10"><span class='ocrx_word' id='word_1_129' title='bbox 258 2600 324 2635; x_wconf 86' lang='lat'>959</span> <span class='ocrx_word' id='word_1_130' title='bbox 348 2611 518 2634; x_wconf 76' lang='lat' dir='ltr'>nummos</span> <span class='ocrx_word' id='word_1_131' title='bbox 545 2599 574 2633; x_wconf 78' lang='lat' dir='ltr'><em>C</em></span> <span class='ocrx_word' id='word_1_132' title='bbox 653 2600 821 2644; x_wconf 81' lang='lat' dir='ltr'>philippo</span> <span class='ocrx_word' id='word_1_133' title='bbox 848 2600 930 2635; x_wconf 75' lang='lat' dir='ltr'>ciue</span> <span class='ocrx_word' id='word_1_134' title='bbox 956 2600 1091 2635; x_wconf 81' lang='lat' dir='ltr'>ducere</span> <span class='ocrx_word' id='word_1_135' title='bbox 1172 2602 1235 2636; x_wconf 87' lang='lat'>961</span> <span class='ocrx_word' id='word_1_136' title='bbox 1253 2600 1394 2636; x_wconf 72' lang='lat' dir='ltr'>&#39;mirum</span> <span class='ocrx_word' id='word_1_137' title='bbox 1471 2603 1537 2636; x_wconf 84' lang='lat'>962</span> <span class='ocrx_word' id='word_1_138' title='bbox 1563 2604 1630 2637; x_wconf 81' lang='lat' dir='ltr'>siet</span> 
     </span>
     <span class='ocr_line' id='line_1_34' title="bbox 150 2653 1633 2703; baseline 0.003 -14"><span class='ocrx_word' id='word_1_139' title='bbox 150 2653 214 2689; x_wconf 74' lang='lat'>9⁶3</span> <span class='ocrx_word' id='word_1_140' title='bbox 238 2655 518 2701; x_wconf 78' lang='lat' dir='ltr'>Adgrediuudus</span> <span class='ocrx_word' id='word_1_141' title='bbox 544 2663 600 2690; x_wconf 82' lang='lat' dir='ltr'>est</span> <span class='ocrx_word' id='word_1_142' title='bbox 625 2655 661 2690; x_wconf 90' lang='lat' dir='ltr'><em>B</em></span> <span class='ocrx_word' id='word_1_143' title='bbox 743 2655 966 2690; x_wconf 60' lang='lat' dir='ltr'>manicheus</span> <span class='ocrx_word' id='word_1_144' title='bbox 995 2655 1024 2691; x_wconf 82' lang='lat'><em>0</em></span> <span class='ocrx_word' id='word_1_145' title='bbox 1096 2657 1163 2692; x_wconf 88' lang='grc'>966</span> <span class='ocrx_word' id='word_1_146' title='bbox 1188 2669 1357 2692; x_wconf 82' lang='lat' dir='ltr'>nummos</span> <span class='ocrx_word' id='word_1_147' title='bbox 1385 2657 1414 2693; x_wconf 83' lang='lat'><em>0</em></span> <span class='ocrx_word' id='word_1_148' title='bbox 1481 2671 1570 2703; x_wconf 85' lang='lat' dir='ltr'>nepe</span> <span class='ocrx_word' id='word_1_149' title='bbox 1598 2659 1633 2693; x_wconf 92' lang='lat' dir='ltr'><strong><em>B</em></strong></span> 
     </span>
     <span class='ocr_line' id='line_1_35' title="bbox 149 2709 702 2757; baseline 0.005 -14"><span class='ocrx_word' id='word_1_150' title='bbox 149 2709 215 2744; x_wconf 72' lang='lat'>967</span> <span class='ocrx_word' id='word_1_151' title='bbox 236 2712 366 2746; x_wconf 82' lang='lat' dir='ltr'>mirum</span> <span class='ocrx_word' id='word_1_152' title='bbox 393 2712 480 2757; x_wconf 87' lang='lat' dir='ltr'>quid</span> <span class='ocrx_word' id='word_1_153' title='bbox 550 2713 641 2747; x_wconf 77' lang='lat' dir='ltr'>eiuis</span> <span class='ocrx_word' id='word_1_154' title='bbox 667 2711 702 2746; x_wconf 90' lang='lat' dir='ltr'><em>B</em></span> 
     </span>
    </p>
   </div>
   <div class='ocr_carea' id='block_1_14' title="bbox 0 2777 163 3218">
    <p class='ocr_par' dir='ltr' id='par_1_16' title="bbox 0 2777 163 3218">
     <span class='ocr_line' id='line_1_36' title="bbox 0 2777 163 3218; baseline 0 0"><span class='ocrx_word' id='word_1_155' title='bbox 0 2777 163 3218; x_wconf 95' lang='lat' dir='ltr'> </span> 
     </span>
    </p>
   </div>
  </div>
 </body>
</html>
