2009 3218
303 217 381 256 170
981 211 1100 246 Plauti
1531 213 1594 256 IV,
1618 216 1650 257 7,
1675 215 1783 253 8-31

947 336 1148 390 Gripus

298 409 388 452 Isto
420 414 468 451 tu
500 422 667 463 pauper
699 422 758 459 es,
791 422 918 462 quom
953 410 1078 451 nimis
1110 414 1259 451 sancte
1292 409 1413 462 piu's.

897 510 1190 553 Daemones

300 585 333 624 O
367 582 498 636 Gripe
529 582 675 635 Gripe,
705 582 750 623 in
781 586 925 624 aetate
955 582 1176 624 hominum
1210 582 1433 636 plurumae

301 655 430 696 Fiunt
459 658 734 706 transennae‚
766 653 839 696 ubi
873 654 1151 708 decipiuntur
1183 654 1305 696 dolis.

299 727 440 780 Atque
471 725 624 779 edepol
654 726 698 767 in
731 739 804 767 eas
836 725 1086 780 plerumque
1119 739 1218 767 esca
1247 727 1483 781 inponitur,

300 797 437 848 Quam
472 797 508 839 si
538 798 633 851 quis
665 797 820 840 auidus
851 799 993 852 poscit
1025 812 1168 839 escam
1201 799 1406 849 auariter,
1706 811 1790 845 1225

300 870 524 923 Decipitur
554 870 598 910 in
629 872 865 911 transenna
896 870 1081 911 auaritia
1114 883 1203 911 sua.

299 941 377 982 Ille
408 941 484 995 qui
515 941 722 991 consulte,
754 941 881 983 docte
913 946 1044 995 atque
1079 946 1223 983 astute
1257 946 1396 992 cauet,

299 1013 474 1055 Diutine
504 1013 568 1054 uti
600 1012 708 1054 bene
739 1012 842 1054 licet
872 1019 1044 1066 partum
1076 1013 1197 1055 bene.

299 1085 404 1126 Mihi
435 1085 571 1126 istaec
601 1084 776 1126 uidetur
806 1085 969 1138 praeda
1002 1085 1259 1139 praedatum
1290 1086 1404 1136 irier,

301 1157 357 1198 Ut
389 1170 485 1197 cum
516 1157 679 1197 maiore
712 1156 813 1198 dote
844 1156 974 1199 abeat
1004 1171 1132 1211 quam
1165 1157 1404 1198 aduenerit.
1707 1169 1793 1203 1230

298 1228 444 1280 Egone
473 1232 523 1269 ut
553 1227 668 1282 quod
700 1228 755 1269 ad
788 1242 852 1269 me
885 1228 1079 1270 adlatum
1113 1242 1206 1270 esse
1238 1228 1425 1270 alienum
1458 1229 1589 1270 sciam

300 1298 472 1341 Celem‘?
533 1299 721 1340 Minume
752 1300 864 1341 istuc
893 1299 1027 1342 faciet
1057 1305 1205 1342 noster
1235 1301 1488 1343 Daemones.

300 1371 476 1425 Semper
508 1384 662 1412 cauere
694 1370 776 1413 hoc
806 1373 1016 1426 sapientis
1048 1373 1421 1426 aequissumumst‚

299 1443 363 1484 Ne
396 1443 558 1484 conscii
592 1443 679 1484 sint
709 1444 794 1497 ipsi
825 1443 1049 1486 maleficiis
1081 1445 1182 1485 suis.

299 1515 389 1568 Ego
420 1515 504 1556 nisi
536 1528 665 1568 quom
696 1515 777 1556 lusi
807 1515 914 1556 nihil
947 1529 1092 1558 moror
1122 1516 1257 1557 ullum
1288 1516 1468 1557 lucrum.
1706 1526 1793 1560 1235

954 1617 1156 1669 Gripus

304 1690 505 1742 Spectaui
536 1703 614 1743 ego
647 1689 811 1743 pridem
845 1691 1031 1732 comicos
1062 1690 1117 1731 ad
1150 1691 1292 1731 istunc
1323 1689 1496 1731 modum

303 1761 533 1814 Sapienter
565 1761 681 1803 dicta
715 1762 857 1804 dicere
890 1767 1020 1816 atque
1052 1763 1088 1803 is
1122 1761 1332 1814 plaudier,

304 1832 441 1882 Quom
471 1833 570 1874 illos
602 1834 809 1887 sapientis
842 1848 981 1875 mores
1014 1833 1319 1875 monstrabant
1349 1833 1495 1888 poplo.

304 1903 387 1946 Sed
421 1918 551 1958 quom
582 1905 682 1946 inde
714 1919 835 1947 suam
868 1907 1048 1960 quisque
1081 1905 1204 1946 ibant
1235 1905 1397 1947 diuorsi
1431 1904 1617 1956 domum,

303 1976 456 2018 Nullus
488 1982 583 2018 erat
613 1977 688 2019 illo
722 1983 849 2031 pacto
883 1984 930 2019 ut
960 1979 1022 2019 illi
1054 1980 1282 2019 iusserant.
1710 1987 1821 2020 1240
1894 2003 1900 2010 ι

909 2072 1199 2115 Daemones

304 2143 384 2184 Abi
416 2144 550 2194 intr03
583 2158 634 2185 ne
667 2144 910 2196 molestu's3
941 2145 1115 2197 linguae
1147 2152 1353 2196 tempera.

305 2215 395 2267 Ego
427 2215 507 2256 tibi
539 2214 721 2258 daturus
753 2216 859 2257 nihil
893 2231 999 2263 sum,
1031 2230 1083 2256 ne
1116 2221 1164 2256 tu
1194 2215 1356 2256 frustra
1387 2215 1458 2256 sis.

953 2310 1155 2362 Gripus

303 2382 360 2422 At
391 2395 468 2434 ego
501 2381 605 2423 deos
638 2395 811 2434 quaeso,
844 2388 892 2424 ut
922 2382 1134 2437 quidquid
1166 2383 1207 2422 in
1240 2380 1314 2422 illo
1346 2379 1548 2429 uidulost=

305 2451 347 2494 Si
381 2466 546 2502 aurum,
581 2454 616 2494 si
648 2459 873 2506 argentum
908 2460 985 2497 est.
1020 2465 1143 2495 omne
1174 2452 1217 2494 id
1248 2456 1298 2493 ut
1327 2450 1405 2492 fiat
1437 2451 1556 2492 cinis.

420 2611 506 2644 1226
530 2610 629 2644 intra
655 2621 769 2645 senna
793 2610 828 2645 Β
920 2613 1004 2646 1227
1030 2610 1194 2645 consulle
1219 2608 1255 2644 B
1346 2609 1434 2643 1230
1459 2609 1567 2644 docte
1592 2608 1627 2643 B
1710 2608 1797 2644 1232

305 2668 503 2702 doemones
531 2665 564 2701 B
664 2667 750 2700 1233
776 2667 846 2701 hoc
872 2669 1148 2712 sapientissima
1173 2670 1230 2701 est
1254 2665 1282 2700 0
1382 2666 1468 2700 1235
1493 2665 1573 2710 Ego
1598 2664 1689 2700 mihi
1714 2675 1796 2700 cum

307 2724 392 2758 1236
416 2723 529 2758 istum
556 2722 584 2758 C
697 2724 782 2757 1237
808 2723 851 2757 iis
979 2725 1065 2758 1238
1092 2723 1323 2758 monstrabat
1439 2721 1539 2766 polio
1564 2721 1609 2762 Β,
1635 2721 1744 2756 Potio
1772 2719 1802 2756 Ο

306 2783 391 2816 1243
418 2780 580 2825 quitquit
604 2778 640 2814 B
690 2776 694 2782 “
736 2781 822 2815 1244
847 2781 875 2814 it
