2009 3218
150 170 200 227 ῙΪ.
223 190 256 228 ’1,
281 186 414 222 32—42
766 185 1020 221 Truculentus.
1555 192 1634 230 379

715 310 1065 354 Phronesium

262 384 337 426 Dic
368 382 423 424 ob
455 382 562 423 haec
594 381 720 432 dona,
754 383 860 424 dono
891 398 1003 437 quae
1035 384 1088 425 ad
1122 399 1186 426 me
1218 386 1398 433 miserit,

260 455 327 498 Me
358 453 476 496 illum
510 467 657 496 amare
690 454 879 496 omnium
913 455 1157 509 plurumum
1191 456 1408 498 hominum
1440 460 1605 501 merito.

261 527 413 580 Meque
447 525 650 568 honorem
684 525 746 567 illi
778 525 937 568 habere
970 529 1157 569 omnium
1191 542 1448 573 maxumum.
1570 543 1635 575 555

223 591 226 594 ’
261 600 398 651 Atque
433 606 477 638 ut
512 597 595 638 huc
627 598 775 639 ueniat
807 599 863 639 ad
891 613 955 640 me
986 599 1226 641 obsecrato.

773 720 999 776 Cyamus

1299 795 1432 838 Licet.

260 867 341 908 Sed
375 866 569 920 quisnam
604 865 690 906 illic
721 864 904 914 homost,
938 867 1010 919 qui
1042 868 1162 921 ipsus
1193 880 1238 909 se
1270 873 1433 909 comest

257 938 414 981 Tristis
448 937 582 979 oculis
617 937 771 978 malis?
817 937 970 979 Animo
1004 938 1147 980 hercle
1179 938 1349 981 homost
1383 954 1459 981 suo
1494 941 1634 982 miser.

147 1011 349 1064 Quisquis
380 1015 457 1052 est.

713 1110 1063 1154 Phronesium

325 1183 506 1236 Dignust
541 1187 767 1225 mecastor.
831 1181 974 1232 Quid?
1007 1199 1101 1226 eum
1135 1199 1218 1226 non
1252 1186 1382 1234 nosti,
1414 1185 1606 1228 obsecro.

147 1254 229 1305 Qui
261 1255 327 1297 bic
358 1255 471 1309 apud
508 1269 572 1297 me
604 1254 725 1296 erat?
793 1254 929 1297 Huius
961 1261 1086 1310 pater
1117 1257 1237 1310 pueri
1271 1255 1361 1298 illic
1393 1261 1477 1308 θεῖς
1517 1259 1638 1312 isque

1096 1328 1205 1370 adeo
1237 1343 1331 1370 eum
1573 1342 1639 1374 594)

145 1398 274 1440 Iussit
307 1399 378 1440 ali.
440 1398 563 1440 Nunc
595 1399 873 1447 auscultanit,
905 1399 1176 1450 obseruauit‚
1217 1414 1344 1454 quam
1379 1415 1466 1443 rem
1499 1416 1636 1455 agam.

773 1524 1002 1578 Cyamus

146 1594 256 1637 Noui
289 1595 502 1637 hominem
536 1595 682 1647 nihili3
715 1595 878 1638 illic-ine
911 1598 1005 1639 est?

711 1720 1063 1763 Phronesium

958 1793 1052 1836 Illic
1084 1800 1162 1836 est.

783 1917 998 1972 Cyamus

1132 1989 1199 2032 Me
1232 1991 1418 2032 intuitur
1448 2005 1634 2043 gemens.

259 2061 409 2102 Traxit
440 2075 491 2102 ex
522 2062 688 2103 intumo
719 2067 870 2103 uentre
904 2062 1172 2115 suspiritum.

259 2132 352 2174 Hoc
383 2132 504 2174 uide:
538 2133 740 2174 dentibus
772 2132 946 2182 frendit,
979 2134 1056 2175 icit
1087 2134 1236 2176 femur.

261 2204 370 2245 Num
402 2204 582 2247 obsecro
614 2219 711 2246 nam
747 2205 941 2255 ariolust,
971 2206 1043 2259 qui
1075 2206 1195 2259 ipsus
1228 2219 1272 2247 se
1303 2205 1536 2248 uerberat?
1571 2218 1636 2251 595

259 2362 325 2397 583
351 2362 449 2397 douo
475 2372 541 2397 om.
612 2374 670 2397 me
690 2373 755 2398 om.
773 2362 801 2398 G
868 2364 934 2398 584
961 2363 1157 2408 plurimum
1186 2364 1348 2404 omniurn
1422 2364 1637 2398 horniniuB

147 2429 236 2463 ergo
327 2420 394 2453 585
418 2419 586 2464 Meumq3
615 2420 756 2455 honore
779 2419 845 2453 illu
939 2421 1005 2454 586
1031 2419 1077 2454 ad
1101 2431 1159 2454 me
1186 2430 1251 2455 om.
1346 2420 1520 2454 obsecrat
1544 2420 1638 2454 ilicet

146 2475 213 2509 587
236 2482 324 2510 secu
347 2479 404 2510 est
431 2475 460 2511 Ο
559 2478 626 2512 588
652 2476 768 2511 oculis
794 2475 899 2510 malis
925 2486 991 2511 om.
1018 2475 1048 2511 C
1137 2476 1286 2511 humost
1411 2478 1477 2509 589
1503 2477 1637 2520 dignus

147 2537 204 2566 eut
318 2543 364 2567 ne
390 2532 478 2576 quid
503 2536 559 2567 est
582 2544 656 2568 non
684 2533 822 2568 nonisti
948 2534 1014 2568 590
1039 2533 1101 2577 qui
1124 2533 1217 2568 ilitio
1242 2532 1289 2577 B,
1315 2534 1374 2577 qui
1402 2533 1474 2567 illic
1501 2532 1529 2567 C

146 2589 250 2631 pueri
275 2589 351 2623 illic
378 2596 434 2623 est
459 2599 525 2624 om.
553 2588 584 2625 G
680 2588 774 2634 Usq3
803 2589 849 2623 ad
875 2594 960 2624 ecta
984 2589 1103 2624 culem
1124 2588 1170 2633 Β,
1196 2591 1275 2634 usq’
1301 2589 1345 2624 ad
1371 2589 1590 2624 iectaculum
1614 2590 1643 2624 C

148 2645 210 2679 591
238 2645 299 2679 alii
325 2646 442 2679 mansi
468 2646 676 2680 auscultaui
780 2645 976 2680 obseruabi
1003 2645 1049 2688 B,
1075 2646 1269 2681 oham-naui
1298 2645 1328 2681 C
1424 2644 1568 2690 Qneper
1594 2654 1635 2680 nvi

146 2701 213 2736 592
236 2700 325 2736 nihil
352 2701 427 2736 illic
452 2713 522 2746 que
599 2703 763 2737 intuetur
845 2703 911 2736 593
937 2713 1136 2746 suspensus
1160 2703 1205 2744 Β,
1231 2713 1449 2747 suspensum
1478 2701 1508 2737 0
1573 2705 1637 2736 594

147 2756 380 2793 Frendidicit
405 2757 434 2791 ('
524 2758 663 2793 fremui·
687 2758 722 2793 Β
817 2759 882 2792 595
907 2759 1044 2793 ariolus
1137 2764 1354 2794 seueruerat
1375 2757 1410 2792 Β
