2009 3218
173 203 225 247 II,
252 203 280 244 l,
305 201 427 242 37—2‚
455 200 496 234 12
791 198 1037 234 Trinummus.
1578 207 1660 245 269

341 326 534 368 Gloriam
567 329 609 365 et
640 325 849 377 gratiam3
882 324 962 365 hoc
995 324 1143 378 probis
1177 327 1421 380 pretiumst.
1593 341 1660 372 275

339 399 400 440 Eo
433 396 533 439 mihi
566 397 702 449 magis
734 396 855 437 lubet
886 410 980 437 cuin
1014 397 1162 450 probis
1197 399 1341 452 potius

340 469 475 519 Quom
509 482 604 510 cum
636 467 845 522 improbis
878 468 1026 509 uiuere
1060 469 1285 511 uanidicis.

611 725 832 768 PHILTO.
894 725 1211 770 LYSITELES.
1628 731 1659 773 C

823 851 1006 894 Philto

168 926 260 977 Quo
293 925 380 967 illic
412 925 539 966 homo
571 924 689 966 foras
723 938 768 966 se
801 925 1049 978 penetrauit
1079 925 1291 967 aedibus?

770 1031 1048 1085 Lysiteles

169 1104 309 1153 Pater,
340 1104 516 1154 adsum3
548 1104 712 1157 impera
745 1103 934 1158 quiduis.

167 1176 314 1230 Neque
355 1175 435 1217 tibi
474 1190 546 1216 ero
587 1176 627 1216 iu
671 1190 790 1217 mora
822 1189 961 1230 neque
993 1176 1211 1218 latebrose
1244 1192 1310 1219 me
1343 1178 1420 1220 abs
1452 1184 1527 1221 tuo
1559 1194 1659 1222 con-

1117 1254 1269 1302 spectu
1304 1250 1545 1292 occultabo.
1593 1263 1661 1296 280

818 1350 998 1392 Philto

336 1423 366 1463 F
370 1424 506 1465 eceris
539 1437 618 1477 par
650 1423 737 1464 tuis
769 1424 923 1464 ceteris
955 1423 1097 1475 factis,

333 1495 507 1537 Patrem
538 1501 663 1537 tuum
696 1496 732 1537 si
763 1495 958 1548 percoles
990 1509 1066 1549 per
1098 1497 1318 1549 pietatem.

332 1567 442 1609 Nolo
476 1582 554 1622 ego
586 1582 681 1609 cum
714 1568 909 1621 inprobis
942 1573 983 1609 te
1016 1569 1137 1614 uiris,
1169 1573 1298 1622 gnate
1333 1569 1401 1619 mi,

331 1639 481 1694 Neque
513 1641 555 1681 in
588 1641 661 1682 uia
686 1654 824 1692 neque
850 1641 891 1681 in
917 1640 1010 1681 foro
1035 1640 1171 1681 ullum
1197 1654 1438 1682 sermonem
1464 1643 1654 1696 exsequi.

331 1711 442 1754 Noui
474 1726 552 1765 ego
584 1712 666 1754 hoc
697 1712 931 1759 saeculum,
963 1712 1157 1753 moribus
1190 1712 1347 1766 quibus
1379 1714 1448 1754 sit.
1590 1726 1658 1759 285

164 1783 305 1826 Malus
337 1784 495 1826 bonum
527 1785 684 1826 malum
718 1798 812 1825 esse
845 1784 948 1834 uolt,
980 1790 1028 1826 ut
1060 1785 1118 1825 sit
1149 1786 1213 1826 sui
1245 1784 1420 1836 simihsg

163 1855 374 1904 Turbaut,
406 1858 587 1898 miscent
618 1871 758 1897 mores
792 1857 906 1906 mali,
938 1871 1086 1909 rapax,
1119 1871 1290 1907 auarus,
1321 1858 1519 1909 inuidus;

165 1927 341 1970 Sacrum
374 1928 615 1983 profanum,
648 1929 870 1983 publicum
905 1930 1124 1982 priuatum
1158 1929 1332 1979 habent,
1366 1929 1513 1971 hiulca
1538 1945 1656 1984 gens.

165 2000 282 2042 Haec
306 2015 384 2052 ego
409 2001 547 2051 doleo,
575 2001 682 2042 haec
707 2006 808 2042 suut
833 2015 945 2055 quae
971 2002 1234 2050 excruciant,
1265 2001 1372 2044 haec
1398 2002 1490 2044 dies
1516 2005 1656 2045 noctis

1115 2077 1244 2115 canto
1277 2078 1325 2115 ut
1356 2087 1530 2117 caueas.

167 2143 288 2194 Quod
308 2159 435 2187 manu
454 2160 536 2187 non
555 2150 718 2198 queunt
735 2151 929 2198 tangere,
947 2150 1115 2186 tantum
1133 2145 1200 2187 fas
1218 2146 1381 2188 habent
1399 2161 1484 2201 quo
1503 2161 1656 2190 manus

1115 2217 1367 2260 abstineant
1377 2235 1387 2270 ;
1590 2232 1658 2264 290

167 2286 321 2331 Cetera
353 2304 468 2344 rape,
501 2290 637 2340 trahe,
671 2290 781 2343 fuge,
814 2290 912 2330 late.
968 2289 1201 2331 Lacrumas
1232 2290 1341 2332 haec
1373 2291 1490 2339 mihi,
1525 2307 1652 2346 quom

1118 2362 1268 2413 uideo,⁵
1289 2363 1482 2405 eliciunt.

279 2499 345 2532 277
370 2498 552 2532 nauidicis
579 2498 615 2531 lx
639 2497 717 2531 filto
743 2497 908 2541 lysiteles
935 2496 969 2530 B

169 2553 315 2589 FILTA
341 2555 383 2598 A,
433 2554 594 2590 SENEX
649 2553 870 2589 ADULESC
895 2553 942 2597 B,
970 2553 1241 2589 LYSITELES
1267 2555 1585 2590 ADULESCENS

169 2609 337 2646 PHILIO
408 2612 568 2646 SENEX
594 2611 622 2645 C

169 2667 235 2702 278
258 2670 490 2713 paenetrauit
515 2669 546 2702 A
630 2679 674 2701 ex
700 2669 854 2702 aedibus
938 2669 1004 2702 279
1029 2668 1128 2712 quod
1155 2670 1208 2704 uis
1233 2669 1302 2704 Bc
1385 2671 1452 2704 280
1476 2681 1653 2714 conspec-

169 2724 306 2760 tusBc
370 2727 437 2760 284
460 2738 539 2770 neq.
562 2726 671 2759 ullum
743 2726 810 2758 285
835 2725 1053 2768 quibusetA
1123 2727 1189 2760 289
1214 2738 1307 2770 quae
1327 2738 1384 2760 me
1401 2727 1445 2767 A,
1472 2738 1579 2770 quem
1593 2726 1660 2761 BC

259 2787 457 2826 noctesque
482 2782 551 2817 Bc
639 2786 751 2815 canto
777 2782 843 2815 tibi
871 2785 912 2815 ut
1000 2782 1068 2816 290
1091 2787 1252 2826 quaeunt
1277 2784 1310 2816 A
1401 2783 1596 2827 aptineant
1620 2781 1656 2816 B
