2009 3218
323 192 402 231 216
1016 187 1137 221 Plauti
1542 187 1590 230 ΙΙ,
1615 189 1646 232 2,
1672 189 1813 236 27—‚34

925 311 1205 353 Pinacium

842 382 932 425 Hoc
964 390 1144 437 egomet,
1175 389 1222 425 tu
1252 383 1334 425 hoc
1366 397 1588 426 conuorre.

926 499 1223 542 Gelasimus

1535 571 1624 625 Ego
1655 571 1809 613 fecero.

928 672 1208 714 Pinacium

327 746 487 799 Ecquis
519 744 604 786 huc
635 745 769 786 ecfert
799 745 1088 786 nassiternam
1120 758 1214 785 cum
1245 745 1385 797 aqua?

917 861 1221 904 Gelasimus
1495 914 1500 917 N

1201 938 1205 941 “
1446 931 1545 974 Sine
1576 930 1790 985 suffragio

327 1004 481 1059 Populi
514 1010 659 1047 tamen
693 1005 959 1047 aedilitatem
992 1004 1061 1046 hic
1093 1004 1266 1058 quidem
1295 1003 1420 1058 gerit.

939 1122 1207 1164 Pinacium

1467 1192 1557 1246 Age
1588 1197 1635 1234 tu
1667 1192 1793 1234 ocius

329 1265 460 1319 Tinge
492 1267 681 1317 humum,
715 1279 950 1320 consperge
981 1270 1081 1308 ante
1113 1265 1246 1307 aedis.

920 1383 1222 1425 Gelasimus

1174 1455 1361 1496 Faciam.

937 1572 1206 1614 Pinacium

1310 1643 1491 1684 Factum
1523 1642 1725 1696 oportuit.
1754 1652 1824 1686 355

336 1717 424 1770 Ego
457 1717 556 1758 hine
587 1731 768 1758 araneas
800 1716 852 1758 de
884 1716 1049 1758 foribus
1082 1715 1263 1757 deiciam
1295 1720 1338 1757 et
1369 1714 1420 1756 de
1451 1714 1630 1768 pariete.

925 1832 963 1875 G
975 1847 994 1874 e
1006 1833 1018 1874 Z
1029 1846 1052 1874 α
1063 1846 1084 1874 s
1097 1833 1110 1873 ι’
1121 1846 1161 1873 m
1172 1847 1197 1873 u
1207 1846 1228 1874 s

337 1906 501 1961 Edepol
533 1920 624 1947 rem
654 1906 932 1959 negotiosam.

942 2021 1232 2075 Paneyyris

973 2093 1084 2144 Quid
1118 2094 1185 2145 sit,
1219 2093 1325 2134 nihil
1358 2092 1488 2133 etiam
1520 2091 1622 2141 scio,

336 2166 430 2208 Nisi
463 2167 572 2209 forte
604 2167 795 2220 hospites
826 2167 999 2207 uenturi
1032 2171 1144 2207 sunt.

936 2282 1218 2324 Pinacium

1215 2352 1298 2396 Uos
1328 2353 1467 2394 lectos
1499 2351 1691 2393 sternite.

932 2471 1233 2514 Gelasimus

339 2544 605 2598 Principium
639 2544 782 2597 placet
814 2544 864 2585 de
896 2544 1030 2585 lectis.

453 2705 518 2738 352
544 2713 722 2737 conuerre
794 2713 862 2745 ego
889 2712 953 2736 om.
980 2700 1046 2735 BC
1116 2701 1180 2734 353
1207 2699 1455 2734 naseiternam
1480 2697 1546 2733 BC
1619 2699 1686 2732 355
1710 2695 1826 2740 Pinge

339 2761 404 2795 356
431 2760 576 2794 aranias
602 2758 635 2793 B
710 2758 795 2792 -356
821 2769 886 2792 uos
913 2769 978 2792 om.
1074 2757 1168 2791 lecto
1196 2756 1355 2790 sternice
1378 2754 1414 2788 B
