2009 3218
166 209 231 251 111,
259 211 287 246 l.
313 209 424 244 8—25
834 208 989 242 Stichum.

168 334 301 377 Simul
334 333 559 379 Mercurio.
594 334 665 388 qui
702 347 766 374 me
798 334 838 374 in
875 334 1166 375 mercimoniis

168 406 282 448 quit
312 405 528 460 lucrisque
561 405 914 459 quadruplicauit
946 420 1033 446 rem
1067 419 1217 447 meam.

166 476 275 520 Olim
308 491 418 532 quos
450 477 600 519 abiens
634 477 773 519 adfeci
806 478 1082 530 aegrimonia,

166 549 248 591 Eos
279 562 390 591 nunc
422 549 626 590 laetantis
659 549 850 590 aduentu
883 547 1036 590 faciam
1074 562 1180 590 meo.

165 621 271 663 Nam
305 622 388 662 iam
423 620 711 675 Antiphonem
745 622 925 662 conueni
960 620 1144 661 adfinem
1179 635 1319 662 meum

166 694 358 748 Cumque
390 707 439 734 eo
471 693 616 734 reueni
650 707 700 734 ex
733 693 959 734 inimicitia
992 694 1032 733 in
1067 694 1264 745 gratiam.

165 765 319 808 Uidete
350 779 510 820 quaeso
543 765 646 819 quid
680 770 822 819 potest
856 766 1049 818 pecunia.

165 836 372 887 Quoniam
406 837 512 879 bene
543 843 665 888 gesta
698 851 741 878 re
774 836 936 878 redisse
972 851 1036 878 me
1069 837 1189 878 uidet

165 910 424 962 Magnusque
458 909 758 962 adportauisse
794 909 968 950 diuitias
1001 910 1186 952 domum.

165 981 262 1024 Sine
294 982 521 1023 aduocatis
552 980 713 1022 ibidem
746 982 785 1022 in
821 995 1009 1031 cercuro,
1041 983 1083 1023 in
1117 986 1252 1035 stega,

163 1053 209 1095 In
242 1054 474 1095 amicitiam
509 1059 640 1108 atque
672 1054 714 1094 in
748 1054 933 1105 gratiam
968 1055 1278 1096 conuortimus.

164 1125 215 1167 Et
248 1127 281 1166 is
312 1125 440 1167 hodie
472 1126 586 1179 apud
620 1139 685 1167 me
719 1131 845 1167 cenat
879 1132 922 1167 et
953 1125 1088 1168 frater
1119 1140 1258 1175 meus;

163 1197 270 1240 Nam
303 1198 392 1240 heri
426 1198 552 1239 ambo
584 1199 627 1239 in
659 1212 743 1240 uno
778 1204 904 1251 portu
936 1197 1110 1244 fuimus,
1142 1198 1218 1239 sed
1251 1212 1347 1240 mea

164 1270 300 1311 Hodie
333 1270 475 1312 soluta
507 1275 573 1311 est
603 1271 726 1312 nauis
759 1270 984 1324 aliquanto
1018 1271 1146 1324 prius.

165 1344 252 1393 Age
284 1341 448 1383 abduce
478 1342 606 1384 hasce
639 1343 765 1390 intro,
798 1356 909 1396 quas
944 1356 1108 1384 mecum
1141 1342 1314 1390 adduxi,
1348 1342 1508 1384 Stiche.

797 1422 1012 1464 Stichus

162 1494 256 1539 Ere,
291 1495 326 1535 si
359 1508 437 1547 ego
470 1500 638 1536 taceam
672 1508 745 1535 seu
779 1494 950 1549 loquar,
983 1496 1072 1536 seio
1107 1496 1218 1536 scire
1250 1500 1293 1536 te

164 1566 298 1617 Quam
331 1566 487 1608 multas
519 1572 661 1608 tecum
695 1568 889 1608 miserias
923 1567 1219 1609 mulcauerim.

163 1638 285 1680 Nunc
316 1638 427 1680 hunc
459 1638 569 1680 diem
604 1653 735 1680 unum
767 1653 818 1681 ex
849 1638 935 1680 illis
968 1639 1119 1680 multis
1153 1640 1337 1681 miseriis

163 1711 271 1753 Uolo
302 1725 368 1752 me
400 1711 684 1752 eleutheriam
719 1724 872 1764 capere
905 1711 1211 1752 aduenientem
1245 1711 1429 1753 domum.

745 1790 1070 1844 Epignomus

164 1861 217 1902 Et
248 1863 314 1904 ius
346 1867 390 1904 et
420 1876 601 1916 aequom
636 1863 852 1916 postulas3
885 1877 1038 1910 sumaS,
1071 1862 1229 1905 Stiche.

163 1933 209 1974 In
243 1934 354 1976 hunc
386 1934 497 1976 diem
530 1941 572 1976 te
605 1936 710 1976 nihil
744 1949 905 1980 moror:
939 1935 1010 1976 abi
1044 1948 1130 1989 quo
1162 1934 1296 1977 lubet.

164 2003 326 2047 Cadum
359 2007 436 2048 tibi
470 2008 628 2048 ueteris
661 2008 751 2048 uini
785 2009 982 2061 propino.

791 2086 1012 2128 Stichus

1045 2158 1202 2213 Papae,

162 2212 324 2255 Ducam
358 2214 483 2256 hodie
517 2218 712 2257 amicam.

739 2296 1069 2349 Epignomus

790 2367 864 2409 Uel
900 2367 1061 2412 decem.
1095 2368 1193 2409 dum
1230 2368 1281 2408 de
1313 2373 1402 2410 tuo.

1574 215 1648 253 221

1589 349 1655 381 405

1589 707 1656 739 410

1587 1067 1654 1099 415

1588 1506 1655 1539 420

272 2501 338 2534 406
362 2501 473 2535 Luuit
498 2502 532 2536 B
613 2504 679 2536 407
705 2502 1062 2546 adfectaegrimonia
1088 2502 1156 2538 BC
1230 2502 1302 2538 ‘408
1327 2503 1461 2539 faciam
1487 2504 1648 2539 aduentu

161 2556 227 2589 409
252 2556 325 2590 Iam
350 2558 421 2591 iam
447 2558 479 2591 A
607 2560 674 2592 410
700 2558 828 2602 Qumq.
956 2561 1022 2593 412
1048 2572 1086 2594 re
1112 2566 1220 2604 gesta
1243 2559 1311 2596 BC
1435 2561 1590 2596 rediisse
1616 2562 1649 2595 A

162 2613 228 2645 414
251 2613 412 2647 circulos,
439 2615 472 2649 A
551 2617 617 2649 416
641 2615 690 2650 Et
717 2617 745 2648 si
772 2615 841 2651 ΒΟ
913 2618 980 2650 417
1005 2617 1098 2651 hieri
1126 2616 1170 2659 Β,
1198 2618 1234 2651 hi
1260 2618 1339 2653 heri
1369 2618 1399 2654 Ο
1463 2623 1574 2663 porto
1600 2619 1647 2659 A,

162 2673 289 2711 portus
307 2669 342 2705 Β
444 2673 511 2705 419
537 2671 655 2706 abdue
751 2673 936 2706 adduxisti
963 2674 997 2707 A
1102 2676 1169 2708 420
1193 2675 1321 2710 siueA
1415 2675 1589 2710 iecit-ecte
1614 2674 1650 2710 B

162 2725 227 2758 422
251 2725 356 2761 Nune
380 2739 478 2762 nunc
504 2727 540 2763 B
633 2729 758 2762 multis
785 2730 856 2763 illis
885 2729 914 2764 C
1005 2731 1071 2764 423
1097 2731 1302 2766 eleutheria
1325 2732 1360 2766 A
1450 2733 1517 2766 424
1542 2733 1596 2766 uis
1623 2732 1652 2766 C

252 2794 376 2818 aecum
402 2784 472 2820 BC
561 2787 628 2819 426
654 2786 834 2830 propeino
861 2787 894 2821 A
