2009 3218
140 191 183 235 V,
207 192 240 235 6,
263 192 365 235 7-7,
392 192 413 224 7
808 190 967 225 Stichus.
1539 194 1619 233 247

226 318 325 370 Age,
358 317 442 357 iam
474 314 577 357 infla
608 316 784 365 buccas;
819 330 930 357 nunc
962 317 1044 357 iam
1077 317 1241 370 aliquid
1275 319 1484 360 suauiter!
1553 331 1620 363 765

226 387 373 430 Redde
405 387 646 430 cantionem
677 388 813 429 ueteri
845 401 922 441 pro
954 388 1054 428 uino
1087 403 1253 430 nouam.

141 460 221 512 Qui
254 459 422 501 lonicus
453 464 530 501 aut
561 459 822 510 cinaedicus,
854 459 926 514 qui
959 459 1040 500 hoc
1071 461 1158 501 tale
1191 461 1333 503 facere
1367 463 1533 516 possit?

143 532 186 574 Si
217 533 326 574 istoc
358 545 422 573 [ue
454 545 584 573 uorsu
618 531 786 582 uiceris,
818 530 903 573 alio
938 545 1003 572 me
1036 539 1285 585 prouocato.

735 625 1024 679 Sanyarius

140 683 227 726 Fac
256 686 304 725 tu
336 683 417 725 hoc
448 682 584 724 modo.

767 769 983 811 Stichus

585 843 639 883 At
669 846 716 884 tu
750 841 830 883 hoc
862 841 999 883 modo.

731 936 1030 990 Sanyarius

1006 1009 1165 1051 Babae.

769 1099 990 1141 Stichus

1174 1158 1320 1200 Tatae.

732 1237 766 1278 S
777 1251 800 1278 α
813 1238 1029 1290 uyarius

1345 1295 1499 1350 Papae.

770 1361 984 1415 stichus

1519 1431 1622 1473 Pax.

732 1502 1032 1555 Sanqarius

144 1574 264 1616 Nunc
281 1576 443 1628 pariter
460 1575 599 1616 ambo.
649 1575 796 1615 Omnis
821 1588 926 1616 uoco
952 1575 1156 1617 cinaedos
1175 1580 1338 1616 contra.
1388 1575 1535 1616 Saltus
1559 1586 1627 1619 '770

144 1645 258 1688 Satis
289 1661 384 1688 esse
416 1647 539 1689 nobis
572 1661 654 1688 non
688 1648 822 1699 magis
855 1648 966 1700 potis
997 1652 1063 1689 est
1094 1661 1222 1701 quam
1255 1648 1385 1701 fungo
1416 1647 1568 1688 imber.

782 1742 992 1784 Stichus

144 1812 260 1854 Intro
292 1813 390 1855 hinc
423 1814 628 1856 abeamus
660 1828 771 1855 nuuc
802 1815 907 1865 iau¹3
939 1814 1142 1856 saltatum
1178 1815 1284 1855 satis
1312 1828 1387 1867 pro
1413 1815 1512 1855 uiuo
1547 1818 1624 1854 est.

145 1883 243 1934 Uos,
273 1890 556 1939 spectatores,
588 1887 781 1940 plaudite
814 1893 945 1940 atque
979 1888 1036 1928 ite
1068 1887 1121 1928 ad
1155 1901 1232 1927 uos
1264 1887 1552 1928 comissatum.

255 2045 322 2078 765
346 2045 458 2080 bacas
478 2044 513 2079 B
583 2046 649 2079 766
674 2045 710 2078 ui
781 2046 848 2079 767
873 2044 1081 2080 caenedicus
1102 2043 1148 2088 B,
1174 2044 1369 2089 cenydicus
1391 2043 1421 2078 0
1487 2043 1626 2087 possiet

144 2101 209 2136 '769
233 2105 307 2136 tate
332 2102 377 2146 Β,
403 2106 482 2136 tata
509 2101 538 2136 0
614 2104 682 2136 770
706 2101 879 2136 cinaedus
903 2101 950 2141 B,
975 2101 1139 2146 cynedus
1166 2101 1195 2136 G
1273 2102 1387 2136 saltus
1414 2111 1480 2135 om.
1557 2101 1623 2134 771

145 2156 259 2194 Statio
284 2159 315 2194 G
400 2159 500 2203 fingo
526 2159 556 2193 0
646 2161 712 2194 773
738 2159 784 2193 ad
810 2170 876 2193 nos
