2009 3218
208 227 236 269 1,
266 230 291 269 1,
320 229 457 262 19—25
896 229 1014 264 Persa.
1669 235 1689 271 7

796 353 1099 407 Sagun-istm

206 425 340 466 Nimis
371 425 499 466 stulte
533 426 680 467 amicis
714 431 846 467 utere..

838 535 1062 576 Toaeilus

896 606 1007 656 Quid
1040 608 1156 649 iam?

793 717 1096 770 Sayaristio

1220 790 1425 844 Imperare
1458 797 1642 846 oportet.

836 877 1059 918 Toaez'lus

201 947 305 989 Mihi
332 948 501 1002 quidem
529 953 576 988 tu
601 949 682 989 iam
715 962 808 989 eras
827 954 1034 997 mortuus,
1062 950 1162 1002 quia
1186 963 1267 989 nou
1297 956 1337 990 te
1365 950 1610 992 nisit-abam.
1644 963 1687 995 20

780 1057 1087 1111 Sayarv'stio

197 1130 424 1184 Negotium
456 1130 620 1184 edepol.

828 1216 865 1257 T
871 1217 957 1258 oxi
969 1217 1050 1259 lus

676 1289 875 1331 Ferreum
909 1289 1126 1332 fortasse?

786 1391 1096 1446 Sayartstvto

1183 1465 1428 1507 Plusculum
1464 1481 1620 1509 anuum

196 1536 275 1577 Fui
306 1535 598 1589 praeferratus
631 1535 743 1589 apud
777 1535 912 1577 molas
943 1537 1144 1578 tribunus
1177 1537 1411 1590 uapularis.

828 1622 1046 1665 Toxilus

200 1694 331 1736 L'etus
362 1695 444 1735 iam
479 1695 614 1735 istaec
648 1694 802 1735 militia
834 1700 897 1736 est
928 1701 1014 1737 tua.

775 1804 1090 1857 Sayaristio

888 1875 1009 1919 Satin
1041 1882 1089 1920 tu
1119 1891 1258 1933 usque
1291 1880 1497 1922 ualuisti?

812 1971 1059 2014 Toxilius

1370 2046 1498 2089 Haud
1531 2047 1678 2102 probe.

780 2137 1005 2192 Sayarz's
1021 2140 1094 2181 tio

193 2207 304 2261 Ergo
337 2208 491 2263 edepol
525 2209 672 2263 palles.

822 2299 1040 2341 Toxilus

690 2369 872 2412 Saucius
904 2370 1046 2412 factus
1079 2387 1173 2413 sum
1205 2373 1244 2414 in
1280 2373 1460 2416 Veneris
1492 2375 1677 2429 proelio3

189 2439 358 2491 Sagitta
391 2439 555 2494 Cupido
589 2454 662 2483 cor
694 2455 831 2483 meum
862 2443 1090 2486 transfixit.

778 2540 1084 2593 Sayaristio

1054 2615 1144 2657 Iam
1177 2618 1291 2658 serui
1324 2617 1393 2658 hic
1425 2619 1602 2659 amant?
1634 2629 1677 2662 25

299 2747 339 2780 19
365 2746 453 2789 quid
478 2747 550 2780 iam
576 2749 662 2791 quia
689 2748 759 2781 iam
785 2747 852 2782 BC
931 2751 973 2783 20
999 2751 1147 2785 uisitaui
1174 2750 1243 2787 BC
1323 2755 1363 2786 21
1390 2751 1526 2796 Negoti
1552 2753 1584 2786 A

184 2801 227 2835 23
253 2801 420 2836 militiast
445 2803 478 2836 Α
560 2803 631 2837 hau
658 2804 689 2837 ⁴1
773 2805 815 2838 24
840 2806 979 2840 sautius
1007 2806 1035 2841 C
1114 2819 1193 2842 sum
1221 2808 1340 2843 sactus
1365 2809 1400 2844 A
1481 2810 1615 2843 ueniris
1641 2808 1676 2842 B
