2009 3218
124 254 192 293 111,
218 255 249 294 3,
274 252 388 285 8-29
809 248 931 284 Persa.
1560 252 1608 289 41

123 377 314 432 Accipin’
347 380 604 429 argentum?
636 376 781 429 accipe
814 375 871 416 sis
904 379 1146 427 argentum,
1177 374 1414 429 inpudens;

122 450 236 493 Tene
269 451 327 491 sis
358 452 595 501 argentum.
658 447 798 489 Etiam
832 451 877 488 tu
909 452 1136 499 argentum
1168 447 1318 488 tenes?

122 521 300 564 Possum
333 526 375 562 te
407 520 547 562 facere
581 526 625 561 ut
659 524 886 573 argentum
919 519 1121 572 accipias,
1153 518 1291 559 lutum
1306 522 1324 557 ’ἐ

122 593 216 636 Non
248 592 350 634 mihi
383 591 592 634 censebas
624 595 667 632 tu
698 597 866 633 tantum
900 591 1069 642 argenti
1103 589 1207 635 fore.

122 666 202 716 Qui
235 666 317 708 nisi
351 666 492 706 iurato
524 664 627 705 mihi
659 663 766 705 nihil
798 663 942 704 ausu’s
976 662 1188 704 credere?
1551 673 1618 706 415

734 777 1000 818 Dordalus

125 850 222 893 Sine
255 852 468 904 respirare
503 864 579 901 me,
610 849 688 891 tibi
722 854 769 891 ut
800 849 1100 902 respondeam.

123 922 201 965 Uir
232 936 394 965 summe
427 922 590 976 populi,
622 921 839 964 stabulum
872 921 1162 971 seruitutium‚

124 997 373 1038 Scottorum
406 994 627 1045 liberator,
660 993 902 1035 subiculum
935 991 1073 1047 fiagri.

123 1066 404 1121 Compedium
436 1067 575 1115 tritor,
609 1067 891 1120 pistrinorum
924 1066 1093 1114 ciuitas,

125 1139 444 1187 Perenniserue,
477 1138 609 1181 lurco.
643 1138 766 1181 edax.
798 1137 934 1187 furax,
965 1137 1109 1191 fugax,
1553 1149 1619 1181 420

126 1210 239 1253 Cedo
272 1212 329 1253 sis
362 1210 462 1252 mihi
494 1216 732 1265 argentum,
766 1209 822 1251 da
852 1209 957 1251 mihi
989 1214 1228 1262 argentum,
1261 1198 1488 1263 inpudens.

126 1283 305 1326 Possum
336 1299 362 1325 a.
392 1289 434 1324 te
467 1284 636 1336 exigere
670 1282 928 1336 argentum?
960 1286 1200 1334 argentum⁷
1231 1282 1422 1336 inquam.
1456 1280 1572 1323 cedo.

127 1355 238 1405 Quin
269 1363 314 1396 tu
350 1355 450 1396 mihi
482 1360 708 1407 argentum
740 1353 914 1396 reddis?
948 1353 1110 1395 nihilne
1141 1359 1184 1395 te
1218 1354 1384 1407 pudet?

124 1429 241 1470 Leno
273 1435 314 1469 te
345 1433 571 1481 argentum
605 1428 759 1481 poscit,
793 1426 932 1468 solida
964 1427 1170 1476 seruitus,

128 1499 210 1541 Pro
241 1498 466 1541 liberanda
496 1500 647 1549 amica,
680 1504 728 1541 ut
759 1513 908 1540 omnes
940 1497 1133 1540 audiant.
1555 1509 1620 1542 425

767 1613 990 1654 Toxilus

129 1685 253 1736 Tace,
284 1685 476 1735 obsecro,
508 1685 661 1727 hercle.
719 1685 785 1726 -Ne
816 1690 893 1727 tua
925 1698 1009 1727 uox
1040 1684 1185 1727 ualide
1216 1684 1346 1727 ualet.

736 1787 1010 1829 Dordalus

132 1860 398 1902 Referundae
431 1874 508 1912 ego
540 1860 681 1903 habeo
713 1860 907 1913 linguam
939 1865 1085 1902 natam
1117 1861 1296 1914 gratiae.

131 1931 291 1973 Eodem
324 1931 427 1973 mihi
460 1933 597 1986 pretio
629 1933 694 1974 sal
725 1931 1019 1986 praehibetur,
1051 1947 1136 1986 quo
1169 1932 1268 1983 tibi;

128 2004 218 2045 Nisi
252 2018 317 2046 me
349 2004 457 2046 haec
489 2004 704 2054 defendet⁷
736 2018 973 2059 numquam
1004 2004 1196 2059 delinget
1227 2005 1374 2047 salem.

767 2107 983 2149 Toaez'lus

130 2178 220 2220 Iam
252 2180 405 2221 omitto
437 2181 573 2222 iratus
605 2193 713 2223 esse.
774 2180 823 2222 Id
855 2179 935 2222 tibi
966 2181 1202 2230 suscensui,
1554 2192 1621 2226 430

130 2249 240 2300 Quia
270 2256 313 2293 te
345 2251 533 2305 negabas
565 2253 741 2295 credere
772 2257 1000 2306 argentum
1032 2252 1147 2294 mihi.

740 2354 1013 2398 Dordalus

130 2426 286 2468 Mirum
320 2428 422 2481 quin
455 2427 534 2469 tibi
567 2441 644 2480 ego
677 2427 910 2479 crederem,
941 2431 991 2469 ut
1019 2427 1134 2470 idem
1166 2428 1269 2470 mihi

132 2497 325 2546 Faceres,
358 2500 473 2555 quod
505 2501 668 2554 passim
701 2500 867 2542 faciunt
897 2500 1152 2554 argentarii!
1202 2516 1207 2520 ·

243 2659 309 2692 414
334 2669 398 2692 om.
415 2657 483 2693 BC
545 2659 739 2693 censebam
765 2659 957 2693 tautumA
1017 2661 1082 2694 416
1108 2658 1201 2694 Sene
1272 2661 1338 2694 417
1352 2659 1448 2694 serni
1475 2659 1618 2694 tritium

130 2716 197 2749 418
222 2716 439 2751 subuculam
466 2716 498 2750 A
566 2718 632 2751 419
658 2715 923 2760 Compendium
951 2715 981 2752 C
1053 2717 1293 2761 pristinorum
1318 2715 1355 2751 B
1431 2717 1561 2751 cinilas
1587 2717 1619 2750 A

131 2773 198 2807 420
221 2773 419 2808 lurchedax
559 2773 671 2817 fugax
697 2772 803 2807 furax
830 2773 854 2807 C
998 2775 1061 2808 421
1090 2773 1212 2808 Coedo
1350 2775 1416 2807 422
1441 2774 1558 2808 coedo
1586 2772 1620 2807 Β

130 2830 198 2864 423
223 2829 311 2864 nihil
339 2831 373 2864 ui
466 2832 532 2864 420
557 2830 747 2874 delinquet
773 2829 803 2866 C
890 2832 955 2865 433
980 2831 1112 2875 partim
