2009 3218
366 190 446 228 312
1039 185 1162 219 Plauti
1573 185 1636 228 IV,
1661 187 1691 229 2,
1717 186 1854 241 'El—88

949 308 1270 351 Charmides

1205 380 1304 421 Dixi
1335 393 1413 433 ego
1443 381 1528 422 iam
1561 381 1722 423 dudum
1752 381 1852 423 tibi:

365 454 426 495 Te
457 454 599 507 potius
631 453 740 495 bene
773 453 916 494 dicere
948 455 1176 506 aequomst
1205 451 1369 493 homini
1401 453 1537 493 amico
1569 465 1699 509 quam
1730 452 1853 494 male.

946 545 1286 600 Sycophanta

368 619 489 662 Satin
520 619 633 660 inter
663 617 789 659 labra
819 622 950 670 atque
981 617 1122 658 (lentis
1152 616 1282 658 latuit
1310 617 1378 658 uir
1409 616 1587 658 minumi
1625 617 1765 670 preti?
1790 628 1858 662 925
1928 651 1932 654 ,

954 709 1274 752 Charmides

369 785 431 826 Ne
465 783 576 825 male
607 783 786 837 loquere
818 783 985 824 absenti
1017 782 1166 824 amico.

942 875 1285 930 Sycophanta
1501 916 1506 920 .

1185 947 1298 997 Quid
1330 961 1429 1000 ergo
1461 947 1523 988 illi
1553 947 1858 1000 ignauissimus
1931 963 1944 994 ς
1970 934 1971 981 J

369 1007 475 1048 Mihi
509 1005 741 1047 latitabat?
1970 1015 1971 1019 ¹

959 1089 1274 1132 Charmides

793 1162 837 1204 Si
871 1163 1152 1217 appellasses,
1185 1162 1484 1215 respondisset
1514 1162 1687 1202 nomini.

373 1236 455 1278 Sed
487 1236 578 1289 ipse
610 1234 683 1276 ubi
715 1235 808 1277 est?

941 1328 1290 1382 Sycophanta

639 1401 717 1442 Pol
747 1400 866 1442 illum
900 1400 1056 1454 reliqui
1089 1400 1329 1441 Aclamante
1360 1399 1404 1440 in
1436 1396 1673 1452 Cercopum
1704 1398 1860 1439 insula.
1906 1427 1912 1430 -
1968 1406 1987 1434 ’.ι

960 1493 1278 1535 Charmides

374 1567 456 1617 Qui
497 1567 621 1608 homo
663 1571 727 1607 est
766 1580 832 1606 me
871 1566 1164 1620 insipientior,
1212 1566 1283 1619 qui
1326 1565 1418 1618 ipse
1456 1568 1626 1617 egomet
1663 1564 1736 1604 ubi
1782 1565 1861 1604 sim

1318 1635 1588 1690 quaeritem‘?
1967 1683 1974 1691 Λ

375 1710 455 1752 Sed
487 1709 593 1751 nihil
627 1709 897 1751 disconducit
926 1709 1027 1750 huic
1057 1709 1130 1749 rei.
1181 1706 1292 1756 Quid
1319 1708 1411 1749 ais?
1444 1707 1652 1762 quidhoc
1676 1706 1791 1759 quod
1819 1712 1861 1748 te
1917 1727 1927 1731 -
1966 1695 1971 1773 J

1323 1779 1459 1832 rogo?
1796 1789 1864 1823 930
1911 1793 1916 1796 ’
1966 1774 1985 1829 ἶ,

375 1837 492 1888 Quos
506 1870 508 1872 -
523 1838 642 1879 locos
675 1838 806 1880 adisti
819 1841 838 1878 ἲ)

945 1931 1294 1985 Sycophanta

905 2003 1091 2044 Nimium
1125 2003 1366 2044 mirimodis
1398 2001 1620 2043 mirabilis.

958 2103 988 2146 C
1002 2105 1027 2146 h
1040 2105 1206 2152 armid
1223 2118 1244 2145 e
1259 2119 1278 2146 s

375 2177 518 2218 Lubet
550 2177 712 2227 audire,
746 2178 824 2218 nisi
860 2177 1141 2219 niolestumst.

943 2279 969 2320 S
981 2292 1040 2332 yc
1058 2293 1080 2319 o
1094 2293 1120 2332 p
1132 2278 1159 2319 h
1171 2292 1231 2319 an
1245 2283 1295 2318 ta

1193 2348 1303 2398 Quin
1338 2349 1535 2402 discupio
1567 2348 1721 2390 dicere.

375 2422 573 2464 Omnium
600 2422 784 2475 primum
817 2423 856 2463 in
876 2421 1059 2463 Pontum
1085 2421 1257 2462 aduecti
1284 2420 1486 2462 Arabiam
1516 2426 1672 2461 terram
1703 2432 1861 2461 sumus.

486 2581 552 2614 926
577 2579 707 2623 loquar
734 2580 896 2623 eapsenti
1003 2579 1070 2612 927
1095 2579 1243 2613 nomine
1349 2579 1414 2612 928
1439 2577 1724 2612 adihadamante
1747 2575 1793 2619 Β,
1819 2575 1864 2610 ad

374 2636 652 2670 rhadamantom
683 2635 712 2670 Ο
775 2637 948 2680 cecropio
974 2634 1020 2670 B.
1047 2635 1220 2678 cecropia
1245 2634 1275 2669 C
1338 2635 1400 2668 931
1429 2634 1531 2667 locus
1557 2633 1585 2668 C
1654 2644 1674 2666 a
1699 2633 1808 2667 distix
1831 2632 1866 2667 Β

464 2693 566 2727 miris
589 2693 710 2726 modis
787 2692 854 2726 932
880 2692 1023 2726 audires
1048 2691 1084 2726 B
1160 2691 1354 2726 molestum
1382 2691 1410 2725 si
1489 2691 1555 2725 933
1580 2690 1810 2732 inpotentum
1839 2687 1868 2724 0

466 2750 635 2784 aduectia
661 2749 820 2783 arabiam
848 2747 915 2783 BC
