2009 3218
171 177 236 222 Π,
262 179 295 219 5.
322 179 444 222 11—s‚
470 179 512 213 ιο
840 177 1000 214 Rudens.
1388 231 1391 234 Α
1589 184 1666 223 167

288 303 386 346 Iret.
447 302 647 346 Nondum
678 317 898 358 egressum
929 317 1024 346 esse
1057 318 1166 353 eum,
1199 305 1244 347 id
1276 306 1408 349 miror
1438 310 1594 350 tamen.

290 375 503 417 Accedam
535 376 690 429 opinor
719 375 776 417 ad
806 374 932 417 fores.
995 373 1107 425 Quid
1139 377 1397 431 conspicor?

287 446 407 490 Uxor
437 447 650 502 conplexa
681 446 793 489 collo
824 447 986 489 retinet
1014 445 1160 489 filiam.
1583 461 1669 495 1190

287 518 427 561 Nimis
458 533 594 573 paene
624 520 776 573 inepta
806 523 938 572 atque
970 518 1121 561 odiosa
1153 520 1244 562 eius
1275 521 1437 563 amatio
1470 526 1545 564 est.

541 779 894 824 DAEMONES
954 779 1072 822 TRA
1080 779 1306 823 CHALIO

776 908 1066 951 Daemones

174 980 421 1035 Aliquando
454 981 692 1024 osculando
723 981 906 1031 meliust,
938 995 1057 1031 uxor,
1089 995 1272 1036 pausam
1304 981 1410 1032 fieri,

175 1053 316 1108 Atque
347 1053 514 1095 adorna
543 1058 592 1095 ut
615 1067 705 1094 rem
731 1053 923 1095 diuinam
946 1053 1115 1105 faciam,
1146 1066 1277 1107 quom
1301 1054 1415 1096 intro
1441 1053 1672 1104 aduenere.

174 1124 362 1167 Laribus
386 1124 687 1174 familiaribus,
712 1139 844 1180 quom
868 1130 1086 1167 auxerunt
1108 1129 1304 1167 nostram
1322 1124 1551 1178 familiam3
1585 1138 1672 1171 1194

176 1197 290 1240 Sunt
313 1197 431 1240 domi
456 1198 555 1250 agni
580 1202 624 1239 et
649 1197 768 1251 porci
789 1210 948 1239 sacres.
1011 1196 1096 1239 Sed
1113 1196 1216 1252 quid
1233 1198 1365 1239 istum
1382 1199 1673 1249 remoramini,

175 1269 392 1318 Mulieres,
424 1269 784 1312 Trachalionem‘?
844 1269 986 1324 Atque
1025 1275 1199 1324 optume
1240 1282 1388 1311 eccum
1420 1270 1509 1312 exit
1539 1268 1671 1312 foras.

779 1373 845 1414 Tr
854 1386 878 1414 a
888 1386 909 1414 c
919 1372 946 1414 Ιι
956 1385 980 1414 α
991 1372 1064 1414 lio
1644 1410 1652 1421 ,

176 1443 262 1486 Ubi
286 1443 361 1486 ubi
388 1445 482 1494 erit,
515 1446 601 1486 iam
625 1444 901 1498 inuestigabo
927 1449 970 1485 et
993 1457 1161 1486 mecum
1179 1443 1233 1486 ad
1250 1449 1293 1486 te
1311 1444 1527 1486 adducam
1545 1445 1673 1487 simul

178 1515 489 1571 Plesidippum.

776 1603 1072 1646 Daemones

550 1676 763 1730 Eloquere
795 1682 844 1718 ut
874 1676 984 1718 haec
1013 1690 1083 1718 res
1116 1676 1274 1730 optigit
1305 1674 1358 1717 de
1388 1674 1491 1727 filia,

177 1746 284 1789 Eum
316 1761 422 1800 roga
451 1753 500 1789 ut
531 1748 751 1802 relinquat
781 1747 890 1789 alias
922 1762 992 1789 res
1025 1751 1067 1790 et
1097 1747 1182 1789 huc
1212 1748 1372 1789 ueniat.

782 1850 1063 1892 Trachalio

1431 1906 1564 1949 Licet.

781 1993 1075 2036 Daemones

179 2064 320 2107 Dicito
353 2065 556 2107 daturum
591 2079 729 2107 meam
762 2065 826 2107 illi
855 2065 990 2107 filiam
1022 2079 1213 2107 uxorem.

788 2168 1068 2210 Trachalio

1294 2239 1427 2282 Licet.
1589 2251 1676 2285 1200

781 2318 1071 2361 Daemones

179 2389 236 2432 Et
265 2396 433 2445 patrem
465 2391 556 2433 eius
590 2404 655 2432 me
687 2391 862 2432 nouisse
893 2397 936 2433 et
967 2390 1072 2432 mihi
1103 2403 1199 2433 esse
1224 2396 1470 2445 cognatum.

789 2492 1030 2534 Trachalz
1046 2505 1068 2533 o

1525 2563 1657 2606 Licet.

297 2700 379 2735 1191
407 2711 525 2745 paene
551 2710 616 2735 om.
647 2699 676 2735 0
756 2700 842 2734 1192
866 2698 1000 2734 melius
1025 2702 1082 2734 est
1169 2699 1255 2735 1197
1278 2703 1405 2735 tamen
1429 2699 1502 2734 iam
1589 2699 1678 2734 1198

180 2753 416 2801 pleuuidippfl
436 2755 467 2792 G'
554 2767 613 2792 res
638 2766 703 2791 om.
729 2755 764 2790 Β
862 2755 1081 2800 1199'rogat
1097 2754 1142 2800 B,
1165 2759 1298 2800 rogato
1320 2754 1349 2791 G
1440 2755 1618 2800 relinquit
1640 2753 1677 2789 Β
