2009 3218
148 200 219 244 111,
246 201 277 240 2.
302 198 434 235 20—28
815 198 974 234 Stichus.

741 323 1035 366 Gelasimus

149 397 339 441 Lubente
372 410 436 438 me
468 395 611 438 hercle
642 395 785 438 facies.

727 476 1047 528 Epz'ynomus

815 589 819 593 .
847 547 966 590 Idem
998 561 1076 602 ego
1108 548 1219 590 istuc
1251 549 1352 590 scio.

147 620 327 672 Quando
361 634 460 661 usus
490 620 645 670 ueniet,
676 619 761 662 fiet.

738 710 1043 752 Gelasimus

835 782 957 824 Nunc
989 797 1088 837 ergo
1121 797 1224 824 usus
1255 787 1331 825 est.

723 862 1042 915 Epmnomus

146 935 237 978 Non
271 935 422 989 edepol
455 949 640 988 possum.

732 1014 1039 1055 Gelasimus

705 1086 815 1136 Quid
847 1087 1063 1138 grauare‘?

720 1165 1043 1218 Epiqnmnus

1111 1237 1316 1281 Censeas:

734 1309 1036 1352 Gelasimus

146 1380 299 1423 Nescio
331 1381 434 1436 quid
466 1396 569 1424 uero
600 1382 739 1425 habeo
772 1384 813 1424 in
847 1383 1017 1424 mundo.

722 1462 796 1514 Ep
810 1463 857 1513 iq
872 1477 895 1503 η
910 1477 980 1503 om
992 1476 1049 1504 us

1090 1535 1109 1577 Ι
1141 1535 1300 1590 modo]

147 1604 284 1646 Alium
316 1606 540 1647 conuiuam
575 1607 773 1660 quaerito
805 1607 885 1648 tibi
917 1608 958 1648 in
992 1607 1106 1648 hunc
1138 1607 1260 1649 diem.

741 1685 1035 1728 Gelasimus

148 1741 254 1792 Quin
286 1746 333 1784 tu
365 1743 611 1795 promittis?

722 1815 796 1868 Ep
811 1817 859 1867 if]
873 1830 895 1856 n
912 1831 933 1857 ο
944 1830 983 1856 m
996 1832 1018 1857 ιι
1029 1830 1048 1857 s

687 1887 781 1929 Non
812 1902 978 1941 grauer,
1013 1890 1048 1930 si
1079 1890 1280 1943 possiem.

734 1967 772 2007 G
783 1984 802 2007 ‹-
812 1967 826 2008 Ζ
838 1982 859 2008 [ι
870 1982 891 2005 ,s
904 1968 918 2007 i
927 1982 964 2007 ‘m
975 1982 1004 2009 u
1013 1982 1034 2007 s·

148 2035 283 2078 Unum
315 2038 486 2091 quidem
519 2038 659 2080 hercle
692 2044 810 2081 certo
842 2041 1049 2093 promitto
1082 2040 1181 2082 tibi:

147 2107 314 2151 Lubens
345 2111 553 2164 accipiam
586 2115 718 2157 certo,
753 2112 787 2153 si
820 2113 1080 2166 promiseris.

724 2195 1043 2247 Epimacmus

153 2247 316 2292 Ualeas.

737 2324 1036 2367 Gelasimus

415 2393 644 2437 Certumne
677 2397 770 2437 est?

728 2475 1046 2526 Epislnnnms

827 2546 1020 2599 Certum3
1054 2549 1218 2592 cenabo
1252 2550 1378 2593 domi.

257 2679 323 2713 476
346 2679 503 2715 lubente
529 2680 562 2715 B
650 2681 771 2717 hercle
796 2694 853 2716 mc
948 2683 1074 2719 faciest
1098 2685 1132 2719 A
1218 2687 1284 2720 477
1312 2690 1413 2722 usust
1439 2688 1470 2721 A

151 2734 293 2777 munti
316 2736 351 2770 A
458 2737 530 2773 ΕΡ.
556 2749 621 2773 om.
725 2740 791 2773 479
816 2739 952 2774 mundo
978 2741 988 2774 i
1099 2743 1166 2777 480
1190 2743 1258 2778 tibi
1284 2755 1349 2779 om.
1387 2743 1456 2779 BC

150 2793 285 2825 eertum
309 2790 377 2827 Bc
465 2795 531 2828 584
556 2799 695 2830 certum
722 2799 777 2830 est
800 2795 870 2832 BC

248 2856 285 2884 v.
1266 2856 1326 2890 -15

1546 205 1626 242 225

1561 1621 1630 1655 480

1562 2690 1628 2723 478

1562 2747 1628 2779 482
