2009 3218
356 185 434 223 306
1039 179 1157 214 Plauti
1558 177 1621 220 IV,
1648 179 1679 221 2,
1707 180 1842 216 12-29

351 307 471 357 Quae
501 305 643 347 uoluit
674 304 777 346 mihi
809 305 928 355 dixit,
961 304 1108 346 docuit
1139 309 1182 345 et
1214 304 1583 357 praemonstrauit
1614 304 1745 357 prius,

353 378 445 427 Quo
479 377 604 418 modo
636 376 826 430 quidque
851 390 1036 429 agerem,
1067 389 1179 416 nunc
1204 375 1312 416 adeo
1338 376 1373 416 si
1399 374 1503 429 quid
1528 389 1605 428 ego
1631 375 1837 418 addidero

1298 446 1494 499 amplius,
1771 460 1837 494 855

351 520 413 562 Eo
445 519 683 561 conductor
712 518 864 560 melius
896 519 947 560 de
978 533 1045 559 me
1076 531 1213 572 nugas
1246 518 1556 560 conciliauerit.

352 591 428 644 [Ut
457 591 530 632 ille
565 604 629 631 me
653 591 892 640 exornauit‚
925 591 987 632 ita
1011 604 1103 631 sum
1129 593 1326 639 ornatus3
1359 594 1585 642 argentum
1611 591 1692 633 hoc
1718 592 1834 636 facit.

350 663 448 716 Ipse
480 667 736 704 ornamenta
767 675 794 703 a
824 662 1011 714 chorago
1043 661 1150 703 haec
1182 661 1367 714 sumpsit
1399 675 1478 702 suo
1509 663 1724 715 periculo;

348 733 472 776 Nunc
503 747 580 787 ego
613 734 648 775 si
679 737 833 787 potero
867 732 1131 774 ornamentis
1162 731 1379 773 hominem
1410 733 1743 785 circumducere,

350 805 471 847 Dabo
497 819 673 859 operam
697 809 745 846 ut
766 818 833 846 me
859 818 952 845 esse
976 804 1118 856 ipsum
1146 803 1273 857 plane
1299 803 1610 857 sycophantam
1643 807 1835 861 sentiat]

932 903 1253 946 Charmides

351 978 486 1027 Quam
533 980 668 1031 magis
714 982 883 1032 specto,
940 977 1079 1017 minus
1125 976 1268 1030 placet
1314 977 1415 1018 mihi
1462 977 1646 1019 hominis
1689 978 1834 1022 facies.

1300 1048 1410 1090 Mira
1442 1054 1554 1098 sunt,
1771 1061 1833 1096 861

350 1121 405 1162 Ni
435 1120 523 1162 illic
554 1120 681 1162 homo
714 1125 783 1161 est
816 1124 892 1161 aut
924 1119 1183 1161 dormitator
1213 1124 1290 1161 aut
1320 1125 1463 1161 sector
1493 1121 1701 1162 zonarius.

350 1193 467 1234 Loca
498 1192 782 1246 contemplat,
825 1192 1159 1245 circumspectat
1190 1205 1284 1232 sese
1317 1196 1447 1245 atque
1480 1191 1599 1233 aedis
1629 1193 1836 1245 noscitat3

347 1263 484 1306 Credo
517 1263 683 1317 edepol,
717 1278 802 1317 quo
838 1278 936 1305 mox
967 1262 1154 1304 furatum
1187 1263 1345 1313 ueniat,
1380 1264 1633 1317 speculatur
1663 1264 1772 1306 loca.

347 1335 485 1388 Magis
511 1335 702 1377 lubidost
728 1335 960 1376 obseruare
988 1334 1090 1387 quid
1117 1338 1240 1386 agat;
1273 1335 1310 1375 ei
1335 1335 1395 1376 rei
1421 1349 1596 1388 operam
1617 1336 1744 1378 dabo.
1769 1347 1839 1381 865

923 1424 1267 1478 Sycophanta

352 1497 440 1538 Has
471 1499 668 1551 regiones
701 1497 1016 1539 demonstrauit
1046 1496 1149 1537 mihi
1181 1496 1252 1537 ille
1284 1496 1523 1538 conductor
1554 1511 1694 1549 meus3

352 1568 477 1622 Apud
508 1569 607 1611 illas
640 1569 760 1611 aedis
794 1569 1012 1610 sistendae
1043 1568 1146 1609 mihi
1180 1573 1279 1609 sunt
1311 1567 1632 1622 sycophantiae.

351 1640 481 1682 Fores
514 1641 706 1694 pultabo.

936 1710 1247 1752 Charmides

597 1784 662 1825 Ad
693 1789 864 1826 nostras
897 1784 1016 1825 aedis
1049 1783 1118 1823 hic
1150 1781 1322 1835 quidem
1354 1781 1486 1823 habet
1515 1787 1677 1825 rectam
1708 1785 1835 1826 uiam.

350 1856 504 1897 Hercle
531 1856 684 1909 opinor
708 1856 810 1896 mihi
830 1855 1083 1896 aduenienti
1101 1854 1181 1895 hac
1197 1859 1324 1894 noctu
1344 1854 1636 1906 agitandumst
1653 1855 1835 1908 uigilias.

921 1947 1265 2002 Sycophanta

351 2021 524 2073 Aperite
563 2021 665 2069 hoc,
712 2022 888 2074 aperite.
974 2019 1102 2064 Heus.
1149 2021 1294 2072 ecquis
1334 2020 1399 2062 his
1445 2019 1610 2062 foribus
1655 2021 1833 2062 tutelam

1299 2092 1438 2144 gerit?
1769 2103 1836 2137 870

935 2170 1250 2212 Charmides

350 2242 472 2292 Quid,
504 2243 768 2287 adulescens,
802 2242 1004 2295 quaeris?
1038 2242 1140 2295 quid
1173 2242 1271 2283 uis‘?
1303 2242 1404 2295 quid
1436 2244 1541 2284 istas
1574 2243 1748 2296 pultas?

459 2400 525 2433 855
551 2400 664 2443 quitq.
692 2401 734 2442 A,
762 2400 898 2443 quique
923 2398 989 2433 BG
1074 2401 1140 2434 856
1166 2399 1352 2433 conducto
1377 2401 1411 2434 A
1505 2411 1620 2443 nogas
1645 2399 1680 2434 Β
1767 2401 1832 2435 857

347 2457 522 2490 exornaui
554 2455 584 2489 B
667 2460 818 2490 umatus
834 2455 867 2489 Β
951 2455 1018 2489 hac
1043 2455 1115 2489 AB
1190 2457 1257 2490 858
1283 2456 1443 2499 periculo
1469 2455 1640 2490 XXXXX
1663 2455 1699 2490 Β
1767 2455 1832 2491 860

344 2513 464 2555 ipsum
490 2513 599 2556 plane
627 2524 705 2546 esse
731 2513 763 2545 A
878 2512 1132 2556 sycoplantam
1158 2511 1193 2546 Β
1305 2513 1367 2546 861
1397 2513 1482 2546 mihi
1508 2512 1597 2547 haec
1622 2513 1780 2547 hominis
1806 2512 1834 2547 C

346 2570 412 2603 862
437 2568 570 2603 Nillinc
595 2567 630 2602 B
736 2569 825 2603 haut
850 2569 1073 2603 dormitator
1099 2569 1146 2610 A,
1181 2569 1494 2603 audorminitator
1519 2567 1554 2603 B
1661 2570 1727 2603 864
1752 2580 1829 2613 spe·

347 2625 491 2660 culator
571 2626 727 2659 864-65
753 2625 891 2668 locagis
920 2624 949 2659 G
1032 2626 1097 2659 866
1122 2624 1170 2671 ha
1196 2624 1225 2659 Ο
1308 2627 1374 2660 868
1400 2626 1539 2669 putabo
1563 2624 1608 2668 ἐμὲ
1633 2629 1670 2659 at
1751 2624 1831 2659 edin

346 2681 426 2715 chio
451 2680 486 2714 B
627 2681 762 2715 habeat
908 2683 973 2716 869
1000 2681 1216 2725 agitandum
1242 2682 1269 2715 si
1297 2682 1441 2725 uigilias
1467 2682 1520 2724 B,
1553 2681 1774 2725 Agitandum
1799 2681 1829 2716 si

346 2738 474 2781 uigilas
503 2737 531 2771 0
620 2737 742 2781 87οΧΧ
768 2738 801 2772 Β
893 2738 958 2773 hec
986 2739 1066 2781 quis
1092 2736 1127 2771 Β
