2009 3218
391 199 470 237 510
1053 191 1212 226 Ruslens.

391 336 466 360 non
499 321 682 371 Gripum,
729 321 797 358 sed
827 321 1038 358 Labracem
1081 319 1222 356 studet.
1300 318 1382 355 Hoc
1418 318 1539 367 igitur
1571 316 1681 353 dicit:
1729 315 1769 352 Si
1800 315 1875 353 La·-

390 391 544 427 bracem
562 389 881 435 condemnavero,
907 401 984 425 non
1008 387 1196 424 dubitabo
1219 387 1291 423 tibi
1316 386 1422 435 quod
1444 388 1554 422 tuum
1579 387 1638 421 est
1655 385 1877 421 restituere.

390 458 529 506 Itaque
560 470 633 506 pro
661 460 752 503 „aut
783 452 879 492 sim“
910 455 1158 493 scribendum
1190 451 1329 492 ausim
1359 457 1398 490 et
1428 451 1650 490 addendum
1682 451 1878 488 obiectum

390 525 500 564 verbi
531 518 708 571 auferre,
742 537 862 573 quare
893 520 1000 561 istuc
1032 522 1180 560 addidi.
1208 541 1256 547 —
1295 523 1414 560 1371.
1447 515 1749 558 Promisistine
1772 517 1878 556 Reiz.

394 613 442 619 -
478 587 629 630 Fateor
657 591 772 629 idem.
805 612 860 617 -
889 601 977 629 ‘meo
1008 591 1100 628 olim
1131 590 1320 628 additum.
1357 608 1404 613 --
1450 589 1569 626 1373.
1608 581 1689 635 fide
1720 583 1881 624 lenonia
1956 629 1959 631 ,

391 658 456 699 uti
487 660 576 697 edd.
608 680 664 685 —-
699 669 782 698 non
814 660 959 708 pote33
1006 659 1065 696 Fl.
1102 671 1205 705 „non
1233 653 1380 707 potis“.
1414 674 1462 680 —
1511 656 1628 692 1375.
1663 651 1764 692 adeo
1795 666 1880 692 cum

394 727 714 766 antecedent-ibus
751 728 1008 777 iungendum,
1050 727 1091 764 id
1129 726 1244 772 adeo,
1285 724 1332 761 cf.
1373 724 1420 760 ad
1451 723 1592 773 Amph.
1625 723 1719 760 464.
1774 721 1880 759 Brix.

393 797 494 834 Ann.
527 795 625 845 phil.
656 794 820 832 CXXXI
849 809 888 845 p.
922 796 1022 832 206:
1071 793 1139 842 „ld
1177 793 1273 830 adeo
1304 804 1374 841 ego
1407 791 1508 828 dabo
1538 791 1627 828 huic
1657 786 1882 828 continuo“.

394 885 448 890 —
484 864 602 902 1376.
636 864 813 913 Apparet
843 866 911 900 aut
938 859 1079 912 „erga“
1114 861 1331 898 tollendum
1365 872 1459 906 esse,
1493 862 1562 898 aut
1592 857 1630 896 te
1658 871 1730 908 pro
1758 854 1879 905 „tibi“

397 932 648 970 scribendum
687 945 772 968 cum
804 930 1042 968 Camerario.
1109 929 1184 967 Sed
1224 931 1419 978 praeterea
1455 928 1608 964 numeri
1639 925 1881 964 emendandi.

395 1001 503 1038 Reiz.
539 1000 755 1049 „benignus
787 1012 879 1049 erga
908 1002 948 1036 te
978 995 1082 1044 fui“;
1114 997 1174 1034 Fl.
1200 1006 1272 1046 690
1304 995 1467 1033 addidit.
1493 1014 1548 1020 —
1577 996 1681 1033 1378
1715 990 1886 1044 benique

396 1066 540 1107 itidem
578 1064 748 1106 addecet
783 1067 870 1104 edd.
909 1087 964 1091 —
1008 1067 1125 1104 1379.
1165 1059 1320 1110 referre
1351 1063 1464 1102 Grut.
1505 1083 1560 1088 -
1597 1059 1758 1110 Nempe
1797 1065 1885 1111 cet„

398 1150 535 1183 meam,
564 1136 691 1182 credo,
711 1148 864 1173 causam
884 1134 1073 1172 defendis.
1128 1135 1351 1183 Antequam
1377 1131 1552 1169 concedit
1576 1131 1681 1180 quod
1706 1142 1886 1168 recusare

400 1218 478 1242 non
511 1205 639 1250 audet,
673 1216 828 1241 causam
859 1206 899 1240 et
930 1203 1042 1253 quasi
1072 1201 1339 1239 condicionem
1371 1199 1513 1250 addere
1541 1202 1716 1246 conatur,
1748 1198 1815 1235 sed
1842 1211 1887 1236 ea

398 1274 546 1310 reiecta
583 1272 705 1309 nihilo
745 1272 871 1308 minus
910 1270 1100 1308 concedit.
1140 1289 1194 1294 —
1236 1270 1357 1307 1380.
1402 1264 1567 1305 Mirum
1605 1263 1726 1317 quin,
1770 1279 1806 1304 v.
1838 1266 1886 1304 ad

399 1341 539 1391 Amph.
560 1340 654 1377 743.
672 1358 727 1364 —-
743 1349 830 1377 meo
851 1335 1018 1387 periclo,
1046 1352 1137 1375 nam
1161 1338 1306 1375 iudicio
1326 1334 1499 1374 ³certant.
1524 1354 1576 1360 -
1606 1336 1724 1373 1382.
1755 1331 1888 1373 istunc
1912 1366 1918 1371 .

399 1409 460 1447 Fl.
492 1429 547 1433 —
582 1409 702 1445 1386.
741 1417 827 1445 rem
857 1404 1036 1446 simulas
1067 1407 1154 1444 edd.
1195 1426 1250 1431 —
1285 1414 1438 1443 memus
1459 1413 1594 1452 paras
1623 1403 1805 1454 supplevi
1833 1421 1888 1427 —
1940 1403 1945 1407 '

405 1478 522 1516 1387.
555 1474 816 1522 intermortes,
849 1476 894 1512 of.
929 1475 1067 1512 Pseud.
1102 1476 1196 1512 903.
1229 1494 1281 1499 —-
1317 1474 1436 1511 1388.
1468 1481 1597 1510 unum
1626 1468 1733 1509 istuc
1762 1474 1888 1508 trans-

401 1547 535 1596 posuit
566 1544 671 1581 Reiz.
738 1544 797 1580 Fl.
835 1542 983 1590 ,‚istuc“
1019 1544 1170 1590 omisit,
1215 1543 1283 1579 sed
1319 1545 1365 1579 ut
1404 1543 1444 1578 in
1476 1539 1588 1590 Gripi
1628 1539 1758 1577 verbis
1793 1535 1884 1585 ,‚tu“

402 1614 577 1659 adderet,
611 1612 716 1662 quod
747 1612 908 1662 probari
940 1625 1017 1649 non
1048 1615 1191 1662 potest.
1212 1630 1265 1635 -—
1298 1606 1372 1650 Uel
1402 1605 1534 1647 hercle
1565 1605 1688 1656 enicet,
1723 1608 1770 1646 cf.
1802 1608 1889 1646 Aul.

405 1684 498 1729 823,
532 1685 571 1718 et
601 1681 649 1718 de
679 1681 852 1718 numeris
883 1680 1036 1729 Proleg.
1068 1693 1106 1728 p.
1141 1679 1235 1717 204.
1279 1697 1324 1702 —
1373 1678 1490 1715 1390.
1533 1676 1661 1714 taceto
1693 1675 1798 1713 Cam.
1840 1694 1889 1701 -

404 1748 497 1797 hoc,
540 1751 565 1787 i.
599 1763 630 1786 e.
663 1748 756 1795 huc,
799 1761 835 1786 v.
870 1747 920 1785 ad
950 1747 1090 1785 Bacch.
1127 1748 1245 1784 1150.
1311 1744 1400 1793 ‚,tu“
1438 1758 1512 1782 om.
1544 1742 1650 1781 Re'iz.
1685 1763 1735 1769 —
1772 1745 1889 1782 1391.

404 1819 506 1856 Non.
533 1831 572 1868 p.
596 1818 672 1854 142
690 1830 766 1865 sq.:
806 1812 1148 1862 „Il1m·mm·illum
1178 1815 1450 1852 murmuratio.
1511 1813 1674 1850 Plautus
1690 1811 1889 1850 Rudente:

404 1887 493 1925 nolo
526 1899 598 1935 ego
625 1884 915 1922 murmurillum
939 1896 1064 1933 neque
1088 1896 1290 1921 susurrum
1314 1880 1439 1920 fieri“.
1485 1881 1598 1920 Unde
1623 1891 1694 1931 (390
1719 1881 1890 1918 accessit.

407 1973 456 1981 —-
498 1955 616 1992 1392.
655 1949 783 1990 illanc
812 1952 993 1989 Mueller.
1046 1951 1154 1988 Idem
1190 1949 1280 1998 ,‚tu“
1316 1964 1388 2001 pro
1423 1947 1578 1997 „tuam“
1614 1952 1732 1997 recte,
1764 1947 1890 1986 credo.

405 2043 461 2048 —
504 2023 620 2060 1394.
673 2016 967 2059 Condicionem
1005 2016 1274 2062 incedentem.
1322 2019 1368 2056 cf.
1411 2018 1496 2055 Mil.
1540 2018 1634 2055 948.
1674 2037 1728 2043 ——
1776 2017 1892 2055 1395.

408 2088 645 2130 Diuiclumn
675 2084 840 2136 faciam,
873 2090 896 2125 i.
922 2103 952 2125 e.
981 2088 1165 2125 dividam.
1226 2087 1442 2124 Dimidium
1472 2086 1669 2123 talentum
1699 2085 1736 2122 ei
1767 2084 1895 2130 offert,

406 2162 431 2198 i.
465 2173 497 2196 e.
532 2161 608 2195 tria
640 2158 749 2194 milia
780 2156 1064 2202 drachmarum,
1097 2169 1215 2205 quum
1246 2156 1324 2193 duo
1357 2156 1462 2191 milia
1494 2154 1677 2192 dedisset.
1708 2173 1757 2178 --
1789 2147 1896 2199 facis

408 2229 511 2265 Cam.
544 2245 598 2251 —
636 2226 752 2263 1396.
785 2220 878 2270 huc,
920 2224 965 2261 cf.
1003 2224 1121 2261 1374.
1190 2224 1308 2260 Peine
1339 2224 1387 2260 de
1419 2223 1541 2259 dativi
1572 2235 1645 2259 usu
1675 2236 1714 2272 p.
1747 2222 1813 2258 49.
1843 2238 1898 2245 --

415 2296 531 2333 1397.
578 2295 679 2331 Ante
719 2302 790 2341 QUO
828 2292 962 2329 hiatur
999 2293 1038 2329 in
1079 2292 1250 2338 diaeresi;
1299 2291 1403 2328 Reiz.
1450 2290 1640 2340 „Gripum
1686 2286 1799 2340 ego“.
1842 2307 1898 2314 -

414 2364 532 2401 1400.
571 2358 659 2399 Res
690 2358 826 2398 soluta
858 2360 938 2407 cst,
981 2373 1016 2397 v.
1050 2360 1098 2397 ad
1131 2359 1242 2397 Asin.
1278 2361 1371 2397 217.
1405 2379 1458 2384 —
1492 2355 1554 2396 Tu
1585 2358 1672 2396 add.
1705 2358 1813 2395 Reiz.
1850 2375 1898 2382 --

414 2432 532 2469 1401.
583 2428 674 2474 .,tu“
718 2429 791 2466 del.
832 2428 947 2466 Both.
990 2428 1096 2466 Brix.
1171 2428 1321 2465 Iuravit
1361 2428 1426 2465 ille
1467 2426 1644 2476 quidem3
1689 2426 1757 2463 sed
1793 2420 1899 2463 iuris

410 2495 581 2537 iurandi
620 2510 777 2535 necesse
816 2500 875 2534 est
912 2497 948 2533 ei
991 2493 1174 2545 qratiam
1211 2491 1366 2542 facicm,
1414 2498 1438 2533 i.
1472 2509 1503 2532 e.
1545 2495 1732 2532 concedas
1772 2507 1819 2531 ne
1855 2503 1899 2530 eo

411 2567 607 2613 obligatus
638 2566 699 2612 sit,
734 2565 781 2602 cf.
814 2564 972 2602 Sueton.
1001 2565 1085 2602 Tib.
1116 2567 1189 2602 35:
1236 2565 1385 2614 „equiti
1416 2563 1591 2600 Romano
1622 2564 1718 2600 iuris
1748 2559 1901 2599 iurandi

413 2637 579 2684 gratiam
611 2630 744 2670 fecit“.
778 2632 828 2669 ad
859 2633 976 2670 Most.
1015 2634 1131 2670 llll.
1166 2651 1219 2657 —-
1256 2634 1374 2670 1406.
1406 2628 1604 2679 pollucti,
1638 2629 1833 2681 splendidi
1862 2630 1902 2666 et

414 2703 581 2750 delicati,
615 2705 660 2738 ut
690 2701 729 2738 in
760 2700 923 2738 deorum
955 2700 1168 2748 sacrificiis,
1202 2700 1248 2738 cf.
1276 2701 1391 2737 Most.
1423 2701 1494 2737 23:
1531 2701 1743 2748 „opsouate
1773 2696 1900 2748 pollu-
