2009 3218
151 202 211 248 IV,
236 206 266 246 3,
291 206 417 247 68-4,
444 207 465 240 2
760 206 1018 242 Truculentus.
1559 214 1638 252 399

764 330 1026 374 Callicles

151 403 333 458 Eumpse
366 404 478 445 ultro
511 408 552 444 te
585 403 803 445 iudicasse
838 403 1001 457 pridem
1035 406 1166 447 istam
1201 421 1288 447 rem
1322 406 1539 458 intellego.

149 476 256 519 Nam
288 475 404 518 haud
437 476 650 521 mansisti,
682 476 782 517 <lum
816 490 894 528 ego
927 476 1076 517 (larem
1110 477 1246 524 illam;
1294 482 1386 519 tute
1418 480 1642 533 sumpsisti

1099 548 1190 589 tibi.

150 620 272 662 Nunc
297 618 461 660 habeas
487 624 534 660 ut
566 620 781 670 nanetu's;
814 634 960 662 uerum
996 619 1078 660 hoc
1110 634 1187 670 ego
1220 627 1261 661 te
1296 622 1489 663 multabo
1523 623 1640 665 bolo:

147 692 228 733 Sex
261 691 428 732 talenta
460 705 614 743 magna
646 692 760 733 (lotis
793 692 961 733 demam
996 707 1072 745 pro
1106 693 1188 732 ista
1221 694 1406 735 inscitia.
1576 708 1641 740 835

729 794 1060 836 Diniarchus

147 852 261 894 Bene
294 852 386 903 agis
419 865 598 892 mecum.

762 946 1024 988 Callicles

642 1020 798 1060 Filium
830 1020 961 1060 istinc
993 1023 1115 1060 tuum
1147 1023 1189 1061 te
1221 1021 1395 1063 meliust
1426 1029 1637 1077 repetere.

147 1090 346 1133 Ceterum
388 1105 565 1132 uxorem
606 1106 734 1145 quam
768 1093 949 1145 primum
984 1096 1128 1145 potest
1159 1092 1325 1134 abduce
1358 1094 1412 1134 ab
1445 1096 1638 1137 aedibus.

144 1162 233 1216 Ego
264 1163 394 1213 abe03
426 1164 511 1204 iam
545 1163 607 1204 illi
641 1165 859 1205 remittam
894 1164 1093 1204 nuntium
1125 1166 1299 1218 aequali
1334 1180 1451 1217 me0;

144 1235 293 1276 Dicam
326 1240 374 1276 ut
405 1236 533 1277 aliam
567 1236 865 1277 condicionem
899 1235 988 1276 filio
1020 1237 1218 1278 inueniat
1250 1253 1340 1279 suo.

726 1341 1052 1384 Diniarchus

143 1414 197 1454 At
227 1426 306 1466 ego
337 1414 392 1455 ab
424 1414 506 1456 hac
540 1430 720 1468 puerum
751 1429 987 1468 reposcam,
1019 1429 1071 1455 ne
1106 1429 1200 1456 mox
1233 1416 1396 1458 infitias
1429 1423 1510 1459 eat.
1571 1431 1638 1464 840

141 1484 257 1527 Nihil
289 1491 375 1537 est3
417 1501 518 1528 nam
551 1501 681 1541 eapse
713 1487 841 1537 ultro,
874 1492 922 1528 ut
952 1487 1171 1537 factumst,
1212 1487 1315 1529 fecit
1345 1504 1515 1532 omnem
1546 1506 1636 1533 rem

1094 1560 1250 1612 palam.

142 1629 224 1672 Sed
256 1632 435 1673 nimium
469 1632 539 1685 pol
572 1637 820 1685 opportuna
851 1646 983 1685 eapse
1016 1646 1160 1674 eccam
1194 1634 1415 1685 egreditur
1446 1634 1577 1676 foras.

141 1701 205 1744 Ne
242 1704 329 1744 ista.
368 1703 591 1745 stimulum
636 1704 814 1756 longum
861 1704 1006 1754 habet,
1055 1719 1166 1757 quae
1213 1720 1352 1759 usque
1398 1707 1516 1748 illinc
1562 1722 1636 1750 cor

1092 1778 1246 1830 pungit
1276 1792 1427 1820 meam.

197 2014 627 2058 PHRONESIUM
711 2013 1114 2059 DINIARCHUS
1200 2019 1472 2061 ASTAPH]
1481 2020 1577 2063 UM

706 2130 1056 2172 Phronesium

139 2200 280 2244 Blitea
325 2207 369 2243 et
411 2202 532 2244 lutea
573 2207 638 2244 est
678 2202 880 2244 meretrix
919 2204 1002 2245 nisi
1041 2218 1152 2257 quae
1193 2206 1308 2259 sapit
1347 2206 1389 2247 in
1429 2208 1530 2249 uino
1577 2208 1633 2249 ad

1086 2290 1176 2317 rem
1210 2290 1344 2318 suam.

141 2343 184 2386 Si
214 2345 300 2387 alia
331 2345 526 2387 membra
557 2347 658 2387 uino
692 2346 906 2393 madeant,
938 2361 1011 2388 cor
1043 2348 1100 2389 sit
1130 2348 1284 2389 saltem
1317 2349 1522 2391 sobrium.
1564 2363 1631 2396 845

249 2505 315 2538 832
340 2504 505 2539 Eundem
533 2505 595 2549 pul
667 2505 814 2548 quidem
894 2507 960 2539 833
987 2506 1068 2539 dem
1096 2505 1142 2547 B,
1168 2507 1265 2541 idem
1294 2507 1324 2542 O
1389 2509 1456 2543 835
1482 2509 1629 2544 malana

250 2561 354 2595 dotes
380 2561 427 2604 B,
453 2562 555 2595 detes
582 2562 610 2595 (s'
699 2564 779 2595 dem
807 2574 852 2596 an
880 2562 908 2593 (ι’
1000 2563 1088 2597 istas
1114 2564 1284 2598 eiuscitia
1308 2564 1353 2607 B,
1383 2567 1451 2599 ista
1479 2570 1510 2600 st
1535 2567 1627 2600 inci-

139 2616 233 2651 eidia
261 2617 290 2652 C
379 2620 445 2652 336
469 2622 546 2652 tum
575 2625 608 2652 te
635 2621 765 2653 melius
791 2623 846 2652 est,
944 2621 1012 2653 837
1037 2627 1153 2654 uxorii
1246 2633 1318 2665 qua
1344 2622 1373 2656 O
1463 2627 1568 2666 potes
1596 2623 1630 2657 B

251 2675 348 2709 abdu
374 2675 419 2716 Β,
445 2676 577 2710 abduci
605 2676 635 2711 C
699 2679 766 2710 «5¹35
792 2675 884 2709 adeo
957 2676 1014 2709 adi
1041 2688 1124 2711 meo
1194 2680 1262 2712 840
1287 2683 1324 2712 et
1393 2681 1457 2713 841
1487 2681 1564 2723 ipsa
1593 2685 1629 2712 et

138 2729 256 2765 factus
337 2733 405 2766 842
430 2744 515 2767 eece
541 2734 586 2766 ab
613 2745 650 2765 sc·
723 2733 854 2774 gregit'
881 2732 915 2765 B
992 2735 1058 2767 843
1085 2734 1196 2777 longe
1220 2735 1264 2776 B,
1290 2736 1400 2776 longe
1427 2735 1456 2769 C
1525 2737 1630 2778 ptigit

230 2788 344 2823 Tituli
370 2790 531 2832 spatium
558 2795 662 2824 vacat
754 2792 820 2823 344
847 2790 944 2823 lutea
969 2795 1006 2824 et
1031 2793 1206 2825 meretrix
1231 2793 1348 2836 nisiq;
1445 2806 1516 2827 uuo
1542 2793 1577 2827 B
