2009 3218
174 203 219 247 11,
244 205 276 246 7,
301 204 460 246 22—111‚
490 207 517 244 1,
547 207 587 239 15
844 206 1002 242 Rada-ns.
1582 212 1651 249 121

771 331 1055 382 Sceparnio

169 402 300 444 Eluas
332 407 378 445 tu
410 417 463 445 an
496 417 722 455 exungare,
756 404 921 445 ciccum
953 417 1036 444 non
1070 404 1316 446 interduim.

167 475 263 518 Tibi
286 489 365 529 ego
390 489 625 529 numquam
651 475 824 517 credam
850 476 1082 529 quicquam
1107 476 1186 517 nisi
1207 477 1241 517 si
1261 482 1438 531 accepto
1458 479 1647 532 pignore.

167 547 227 590 Tu
260 548 327 589 uel
361 547 468 590 suda
500 547 567 589 uel
601 548 690 601 peri
723 547 821 599 algu
855 547 921 588 uel
956 553 1001 589 tu
1036 552 1214 600 aegrota
1246 548 1314 589 uel
1348 549 1457 591 uale.
1584 563 1647 596 571

167 619 408 662 Barbarum
426 619 639 674 hospitem
659 619 762 661 mihi
781 621 821 660 in
841 619 961 660 aedis
986 619 1090 660 nihil
1119 634 1280 670 moror3
1312 625 1380 661 sat
1407 621 1547 664 litium
1574 629 1653 664 est.

757 699 1065 740 Charmides

166 772 311 814 Iamne
343 770 465 813 abis?
526 770 702 813 Uenalis
734 770 822 812 illic
855 770 1101 820 ductitauit‚
1135 770 1331 825 quisquis
1364 776 1450 823 est;

165 844 258 886 Non
291 848 357 885 est
386 843 646 884 misericors.
702 842 785 885 Sed
818 843 919 896 quid
954 857 1032 897 ego
1066 842 1134 883 hic
1165 849 1260 884 asto
1285 842 1432 884 infelix
1466 845 1654 888 uuidus‘?

165 915 274 966 Quin
316 915 426 957 abeo
467 915 564 956 hinc
604 917 645 956 in
689 915 864 957 Ueneris
906 916 1075 965 fanum,
1122 919 1169 956 ut
1215 914 1496 958 edormiscam
1542 917 1654 959 hano

938 986 941 989 ’
1114 987 1349 1041 crapulam,
1587 1002 1652 1035 575

163 1061 298 1112 Quam
331 1061 478 1115 potaui
512 1063 685 1113 praeter
715 1060 845 1100 animi
879 1073 1007 1113 quam
1038 1057 1179 1100 lubuit
1211 1061 1481 1102 sententiae?

163 1131 296 1183 Quasi
329 1133 438 1174 uinis
471 1132 650 1173 Graecis
681 1130 908 1185 Neptunus
939 1130 1063 1172 nobis
1094 1129 1272 1173 suffudit
1303 1145 1431 1183 mare,

161 1205 312 1259 Itaque
345 1204 487 1246 aluom
521 1204 644 1258 prodi
677 1204 872 1258 sperauit
901 1203 1026 1244 nobis
1057 1203 1181 1245 salsis
1213 1203 1392 1258 poculis.

162 1277 273 1328 Quid
306 1281 433 1332 opust
463 1275 635 1318 uerbis?
697 1275 741 1316 Si
772 1276 959 1316 inuitare
993 1290 1071 1317 nos
1105 1275 1324 1330 paulisper
1354 1282 1568 1330 pergeret,

159 1350 323 1392 Ibidem
354 1349 741 1400 obdormissemus3
774 1361 887 1389 nunc
918 1348 991 1388 uix
1022 1348 1148 1389 uiuos
1180 1349 1324 1390 amisit
1355 1348 1541 1389 domum.
1583 1361 1650 1394 580

159 1422 282 1464 Nunc
313 1422 512 1464 lenonem
543 1420 646 1474 quid
679 1421 770 1473 agit
800 1420 918 1461 intus
950 1420 1100 1469 uisam,
1134 1421 1364 1462 conuiuam
1400 1434 1553 1462 meum.

725 1750 1089 1794 DAEMONES.

160 1881 292 1923 Mim‘s
324 1880 463 1922 modis
495 1881 538 1923 di
570 1881 697 1922 ludos
728 1880 895 1922 faciunt
926 1879 1186 1927 hominibus,

159 1953 365 2008 Mirisque
397 1953 604 2007 exemplis
635 1954 807 1995 somnia
836 1953 879 1993 in
913 1953 1074 1994 somnis
1107 1952 1297 2004 danunt3

159 2025 221 2067 Ne
253 2027 504 2067 dormientis
536 2025 711 2079 quidem
742 2025 889 2066 sinunt
919 2025 1153 2078 quiescere.

159 2097 288 2140 Uelut
318 2111 396 2152 ego
428 2097 509 2139 hac
540 2102 666 2139 nocte
698 2111 810 2151 quae
842 2097 1079 2151 praecessit
1108 2109 1322 2151 proxuma
1580 2108 1647 2142 585

159 2170 314 2212 Mirum
345 2174 477 2224 atque
510 2170 711 2212 inscitum
744 2169 957 2211 somniaui
987 2169 1213 2211 somnium.

133 2241 222 2283 'Ad
253 2241 580 2284 hirundininum
611 2241 760 2283 nidum
792 2241 886 2282 uisa
917 2245 983 2282 est
1014 2241 1141 2282 simia

157 2313 491 2356 Adscensionem
523 2318 571 2355 ut
602 2313 767 2355 faceret.
797 2312 1057 2362 admolirier,

157 2385 304 2439 Neque
336 2399 409 2428 eas
441 2386 606 2439 eripere
639 2385 791 2439 quibat
821 2384 935 2426 inde.
996 2384 1160 2427 Postibi

157 2455 341 2500 Uidetur
371 2457 427 2500 ad
457 2471 523 2499 me
556 2458 682 2499 simia
714 2457 991 2510 adgredirier‚
1579 2470 1646 2503 590

269 2616 335 2650 569
359 2618 425 2650 tua
448 2627 494 2650 ne
521 2617 549 2650 G
624 2614 811 2649 interdum
889 2615 955 2648 570
979 2618 1157 2659 accoepto
1185 2615 1215 2650 0
1279 2616 1347 2650 572
1371 2617 1494 2651 aedeis
1577 2617 1643 2650 57ss

157 2672 375 2706 sententiam
458 2673 526 2706 578
551 2671 668 2706 Falsis
697 2670 726 2706 G
803 2672 869 2705 579
895 2671 1001 2705 nobis
1029 2671 1058 2707 Ο
1134 2673 1202 2706 580
1227 2685 1270 2706 ne
1296 2684 1352 2706 me
1378 2673 1441 2706 uix
1465 2673 1500 2706 B
1577 2674 1642 2707 582

157 2727 250 2762 Ante
274 2728 393 2762 modis
418 2729 552 2764 lacuna
627 2728 692 2762 583
718 2727 850 2771 Virisq.
875 2727 912 2761 B
992 2728 1116 2763 omnia
1140 2727 1187 2771 B,
1213 2727 1306 2762 Nam
1332 2729 1454 2762 omnia
1479 2728 1508 2762 Ο
1575 2730 1641 2762 585

156 2785 336 2827 processit
426 2786 493 2819 587
517 2786 566 2819 At.
659 2785 724 2818 590
748 2783 951 2819 Videbatur
