2009 3218
775 192 815 226 V.
842 194 987 228 71—97.
1540 195 1618 233 525

127 319 286 370 Ροείίίῖ,
318 335 353 359 v.
386 320 435 359 ad
466 321 553 358 Aul.
589 322 681 358 ¹742.
717 340 764 346 --
799 317 952 371 iyv'tur,
995 336 1028 358 v.
1063 322 1201 373 Amph.
1237 322 1330 359 207.
1364 340 1418 346 -—-
1451 318 1612 370 „agam“

124 392 198 430 dei.
225 391 332 429 Lom.
352 390 394 427 R.
424 408 473 415 -
507 388 578 434 est,
609 385 655 426 id
684 388 877 427 Fleckeis.
905 408 952 414 —
984 376 1127 438 palam
1159 389 1262 428 cam.
1289 410 1344 415 —
1377 391 1442 427 90.
1476 388 1619 437 aperta

125 459 185 498 est
213 453 343 506 foris,
376 457 468 507 quia
499 470 625 506 nuper
655 457 751 494 exiit
781 457 1008 507 Panegyris.

237 528 285 564 91
320 539 404 575 sqq.
468 526 509 562 In
547 526 789 563 sermonibus
827 538 1005 563 sororum
1047 525 1328 563 distribuendis
1370 527 1449 562 fere
1491 527 1622 564 omnia

125 595 359 634 coniecturae
398 593 540 631 relicta
577 597 688 641 sunt3
731 607 820 631 nam
861 607 981 643 quum
1013 594 1054 630 in
1085 593 1115 630 B
1148 594 1264 630 nullae
1297 595 1453 632 omnino
1483 607 1617 644 perso-

124 677 260 702 narum
298 665 402 701 notae
442 662 540 708 sint,
587 663 626 699 iu
659 661 687 700 G
718 675 794 699 non
832 661 948 700 nullae
988 661 1138 698 omissae
1177 665 1290 708 sunt,
1337 675 1422 712 quae
1463 665 1622 700 exstant

125 734 251 770 autem
283 731 339 768 ita
380 730 597 776 alternant,
638 734 682 768 ut
711 730 977 781 Antiphonem
1017 729 1127 778 loqui
1157 729 1343 768 librarius
1376 734 1466 768 ante
1498 744 1533 768 v.
1570 731 1621 768 98

124 811 200 838 non
245 797 587 845 animadverterit,
636 812 657 836 a
688 811 724 836 v.
762 800 837 837 107
879 802 1009 836 autem
1048 811 1180 835 omnes
1220 797 1412 836 desinunt.
1502 794 1624 837 Certo

126 863 234 907 enim
264 867 410 917 legitur
442 868 558 904 etiam
592 866 681 904 Aul.
710 868 803 905 804.
850 866 969 904 Poen.
1000 867 1128 913 11793
1164 870 1296 914 „certe
1320 864 1444 904 enim“
1479 867 1622 918 Amph.

128 937 218 975 327.
255 937 347 974 651.
409 934 518 972 Asin.
554 936 646 973 607.
716 935 889 986 Langen.
921 935 1041 973 Beitr.
1074 948 1112 984 p.
1147 935 1198 972 26
1231 934 1304 971 hoc
1343 935 1454 972 unice
1487 948 1621 972 verum

125 1006 258 1055 putat3
304 1017 374 1051 nos
418 1003 463 1040 ad
497 1003 637 1054 Amph.
674 1004 750 1041 651
785 1003 883 1041 illud
915 1003 1239 1054 praefe1·ebamus;
1287 1007 1454 1052 apparet
1483 1003 1621 1040 libram

125 1085 235 1123 aequo
280 1075 480 1110 momento
525 1085 611 1109 esse
664 1085 907 1121 suspensam.
954 1092 1009 1097 —
1059 1073 1123 1109 92.
1171 1080 1430 1120 occupemus,
1473 1076 1515 1109 ut
1553 1083 1623 1109 nos

77 1131 80 1134 ,
124 1140 276 1191 priores
306 1139 524 1178 offeramus.
595 1137 757 1178 homini
785 1141 833 1187 A,
865 1142 912 1178 cf.
944 1141 1085 1191 Amph.
1121 1141 1224 1178 709:
1275 1139 1474 1186 „osculum
1505 1140 1621 1178 tetuli

123 1205 237 1246 tibi“.
266 1228 312 1233 -
343 1210 408 1247 93.
446 1205 583 1256 „istio“
619 1221 692 1246 om.
726 1208 800 1246 BC.
863 1205 1046 1248 adsidite
1069 1210 1114 1246 A.
1142 1228 1194 1233 —
1227 1209 1279 1246 94
1312 1210 1424 1257 quasi
1450 1221 1497 1245 ex
1522 1208 1621 1245 Ner-

125 1277 274 1316 volaria
305 1276 420 1315 affert
451 1277 556 1315 Fest.
584 1291 623 1327 p.
654 1278 746 1315 197.
780 1297 832 1302 —
867 1278 933 1315 95.
970 1277 1145 1325 „salsura
1176 1273 1334 1314 euenit“
1370 1280 1460 1327 post
1491 1276 1623 1314 Came·
1654 1285 1656 1287 ’

125 1346 271 1383 rarium
319 1346 467 1393 editur,
517 1349 556 1383 et
598 1345 811 1383 Lambinus
851 1345 1008 1395 quidem
1048 1346 1150 1383 senis
1193 1346 1379 1392 animam,
1427 1358 1512 1395 quae
1553 1359 1623 1396 per

127 1417 281 1452 aetatem
329 1414 480 1452 insulsa
525 1418 564 1451 et
609 1415 781 1451 insuauis
827 1416 896 1461 sit,
945 1414 1087 1452 osculis
1132 1413 1355 1464 puellarum
1400 1414 1543 1452 salsam
1585 1418 1624 1451 et

127 1495 282 1521 suavem
314 1481 401 1520 fieri
426 1483 493 1520 ait.
545 1481 657 1528 Quod
683 1482 714 1519 si
741 1484 796 1520 ita
820 1484 882 1529 sit,
915 1496 983 1520 cur
1011 1482 1123 1529 nolit,
1148 1495 1226 1519 non
1252 1482 1445 1531 intelligo.
1492 1482 1624 1520 Dousa

133 1551 328 1589 contrario
358 1551 474 1588 modo
505 1553 549 1588 ut
585 1550 762 1601 palatum
804 1551 922 1588 nimio
963 1552 1042 1588 sale
1084 1550 1324 1595 offendatur,
1371 1551 1427 1588 ita
1458 1552 1623 1588 animam

133 1621 234 1658 senis
263 1619 406 1658 osculis
437 1618 581 1656 offendi
613 1619 730 1666 dicit;
761 1618 829 1656 sed
861 1620 948 1668 quis
979 1632 1162 1668 umquam
1194 1619 1326 1656 oscula
1357 1619 1461 1657 salsa
1493 1618 1622 1657 dixit?

131 1688 313 1735 Accedit,
360 1687 465 1737 quod
502 1701 571 1724 nec
608 1687 772 1737 perfecti
809 1690 964 1738 tempus
1003 1684 1174 1736 (euenit)
1215 1700 1287 1737 pro
1324 1690 1517 1737 praesente
1545 1691 1625 1726 ·aut

131 1756 263 1794 futuro
293 1755 388 1793 ferri
419 1758 562 1805 potest,
596 1768 667 1793 nec
697 1756 830 1793 euenit
859 1769 931 1805 pro
964 1756 1113 1793 accedit
1140 1755 1216 1793 diei
1242 1759 1382 1805 potest.
1430 1755 1623 1806 Equidem

131 1825 268 1874 scripsi
297 1820 464 1862 salsura
493 1820 628 1870 uenit,
675 1825 699 1860 i.
733 1837 765 1861 e.
798 1837 940 1862 venum
972 1824 1107 1871 dat-ur,
1156 1825 1373 1871 alienatur,
1419 1824 1622 1874 proditur3

131 1892 299 1931 vendere
338 1893 436 1930 enim
475 1895 534 1929 est
572 1891 758 1942 prodere,
800 1896 845 1930 ut
884 1892 987 1942 apud
1019 1892 1175 1930 Graecos
1208 1892 1441 1941 ἀπεμπολᾶν;
1486 1894 1624 1934 uenire

130 1961 320 1999 translate
350 1973 423 2010 pro
454 1961 581 2010 decipi
612 1960 751 1998 Bacch.
787 1962 880 1999 809.
942 1956 1120 1999 Salsum
1152 1964 1279 1998 autem
1308 1956 1373 2010 (cf.
1392 1960 1503 1999 Curc.
1527 1957 1623 2011 242)

132 2030 341 2067 acrimonia
379 2031 438 2067 est
475 2029 613 2065 animae
652 2031 732 2066 sive
770 2030 890 2066 animi
931 2030 1200 2079 integritatem
1233 2033 1270 2066 et
1301 2029 1514 2067 masculam
1546 2030 1623 2068 vim

131 2110 301 2136 servans.
378 2097 544 2135 Veretur
584 2110 724 2145 senex,
769 2111 816 2134 ne
855 2097 996 2135 osculis
1034 2097 1202 2134 filiarum
1235 2097 1338 2134 iusto
1370 2098 1525 2136 mollior
1556 2102 1624 2136 aut

130 2165 325 2216 insipidus
355 2165 434 2203 fiat.
470 2185 518 2190 —
563 2166 627 2203 96.
675 2162 791 2214 istic,
823 2167 862 2202 in
894 2165 1098 2213 cathedra,
1145 2166 1288 2215 quibus
1322 2166 1505 2204 mulieres
1536 2170 1622 2204 ute-

129 2233 284 2282 bantur,
316 2248 351 2272 v.
378 2233 530 2271 Phaedr.
556 2233 624 2280 ΙΙΙ,
652 2234 687 2280 8,
715 2234 739 2270 4
771 2230 979 2281 ‚,matris“;
1017 2231 1249 2281 „femineas“
1286 2233 1384 2272 dicit
1407 2234 1524 2272 Mart.
1552 2234 1623 2283 III,

68 2299 69 2302 ¹
133 2303 197 2350 63,
231 2304 266 2351 7,
298 2302 386 2349 XII,
421 2302 484 2349 38,
522 2303 555 2350 l,
590 2299 776 2350 „molles“
810 2303 943 2340 Iuven.
970 2301 1035 2349 VI,
1059 2303 1131 2349 913
1163 2302 1209 2340 cf.
1238 2301 1485 2351 Marquardt.
1511 2303 1621 2342 Rem.

52 2398 56 2406 .
128 2369 337 2408 Privatalt.
369 2370 407 2407 II
443 2384 482 2420 p.
518 2371 611 2408 317.
688 2365 963 2418 Subsellium,
1011 2383 1045 2408 v.
1080 2370 1127 2407 ad
1167 2370 1282 2420 capt.
1315 2370 1415 2418 470,
1461 2371 1622 2410 inferius

80 2460 88 2471 ·
129 2442 187 2476 est
227 2442 266 2476 et
302 2439 429 2476 minus
469 2438 727 2476 commodum.
798 2439 925 2485 Quare
964 2452 1012 2476 ne
1051 2437 1199 2476 duritia
1237 2440 1320 2476 eius
1357 2443 1472 2489 pater
1504 2439 1622 2478 offen·

71 2551 73 2554 .
130 2506 263 2554 datur,
309 2506 391 2544 filia
434 2520 470 2545 v.
513 2508 564 2544 97
609 2503 838 2555 puluinum
885 2506 1132 2544 substernere
1185 2506 1329 2545 studet.
1419 2508 1623 2546 Structura

130 2573 324 2624 clliptica3
371 2574 532 2612 auditur
575 2573 794 2623 „iniiciam“
845 2578 913 2612 aut
953 2575 1266 2623 ,‚substernam“,
1315 2579 1359 2613 ut
1387 2562 1505 2614 Asin.
1548 2577 1621 2614 30:

133 2655 250 2690 „caue
297 2643 473 2680 mendaci
519 2642 768 2693 quicquam“,
815 2643 881 2680 ubi
926 2643 1004 2680 vid.
1088 2642 1143 2681 Cf.
1192 2644 1308 2681 etiam
1357 2643 1475 2682 Most.
1520 2645 1622 2682 833:

133 2709 274 2758 „Mane
306 2712 371 2760 sis,
402 2711 556 2749 uideam
587 2695 814 2749 ne-canis‘st
856 2729 903 2735 —
950 2711 1015 2748 97.
1058 2707 1178 2750 Bene
1198 2721 1426 2761 procuras,
1460 2713 1624 2749 comiter

67 2814 71 2818 Α
130 2777 277 2826 abnuit,
311 2779 356 2816 cf.
390 2778 439 2816 ad
471 2778 581 2816 Curc.
618 2780 719 2816 563:
767 2779 888 2826 „bene
920 2777 1076 2826 uocas“,
1112 2780 1160 2818 ad
1192 2780 1348 2818 Trucul.
1387 2781 1482 2817 126:
1534 2780 1622 2828 „be-
