2009 3218
347 225 427 264 612
956 222 1210 257 Truculentus.

349 345 598 387 translatum
627 345 715 388 huc.
755 369 809 375 —
851 351 911 387 12.
953 360 1101 389 nomen
1131 347 1199 389 cui
1229 350 1290 388 est
1319 350 1377 387 ed.
1410 364 1468 401 pr.
1501 370 1556 377 -·
1600 350 1660 388 14.
1705 347 1823 397 „suo“

346 418 420 455 del.
453 417 633 454 Weisius.
675 436 723 442 —
771 419 831 454 15.
878 414 1086 469 reliquum
1123 419 1181 456 ed.
1223 431 1302 467 pr.;
1349 418 1684 468 quadrisyllabum
1723 420 1827 469 apud

345 485 539 533 Plautum,
571 499 606 522 v.
640 484 688 522 ad
719 485 828 522 Asin.
861 487 949 524 231.
979 506 1032 512 —
1060 488 1121 525 19.
1155 486 1324 524 atterrat
1352 485 1485 533 Weiss„
1518 487 1566 525 cf.
1597 487 1697 525 Rud.
1723 487 1824 525 834:

351 553 594 600 „Conuorret
633 553 709 590 iam
747 553 810 591 hic
846 567 906 591 me
943 558 1067 593 totum
1110 568 1194 592 cum
1236 551 1497 604 puluisculo“.
1529 575 1583 581 —
1615 556 1666 593 20
1699 569 1755 605 sq.
1787 556 1827 593 in

345 621 558 671 archetypo
595 620 849 659 insanabilem
888 622 1013 659 labem
1055 625 1336 659 contraxerunt
1365 625 1404 660 et
1434 623 1638 672 sequentia
1667 637 1828 674 prorsus

345 689 558 739 perierunt,
591 701 676 738 quae
707 692 839 726 utrum
870 702 994 739 pauca
1019 703 1065 727 an
1091 690 1212 727 multa
1234 689 1380 727 fuerint
1403 691 1640 740 ignoramus.
1688 691 1828 731 Omnes

345 761 426 794 tres
458 760 653 794 amatores
683 770 838 794 necesse
870 760 929 795 est
958 759 1323 796 commemoraverit
1352 758 1555 808 prologus;
1593 772 1727 797 verum
1757 759 1829 799 hoc

346 839 423 863 non
454 825 494 862 in
526 825 632 862 exitu
661 825 839 875 prologi,
886 826 953 863 sed
993 828 1083 863 ante
1113 840 1149 863 v.
1188 825 1234 864 18
1274 825 1420 863 factum
1459 839 1542 864 esse
1581 826 1713 877 ibique
1752 840 1828 866 non

344 907 470 945 pauca
499 893 744 931 intercidisse
776 893 985 943 Kiessling.
1012 897 1050 930 et
1074 893 1290 931 Schoellius
1316 892 1518 944 putarunt.
1580 894 1652 933 Hic
1678 895 1826 934 Camer.

347 961 428 1000 ed.:
480 964 610 1008 „aetas
654 961 744 999 huic
788 963 820 1007 si
858 964 1018 1011 superet
1057 961 1222 1008 mulieri,
1268 961 1329 999 Ad
1369 975 1409 1000 se
1451 975 1535 1000 cum
1577 964 1706 1000 anima
1747 965 1829 1002 eius

346 1029 572 1067 habentiam
599 1027 830 1067 euerrerit“.
877 1029 1037 1079 Speng.:
1076 1029 1172 1077 „tris
1203 1030 1374 1068 uicissim
1406 1034 1575 1080 pereunt
1606 1031 1827 1078 mulierem3

347 1098 419 1136 His
449 1111 534 1136 cum
566 1099 706 1145 animo,
750 1097 840 1135 dum
871 1098 1037 1145 habent,
1075 1110 1136 1135 res
1169 1096 1502 1137 exenterabitur“.
1564 1099 1696 1137 Muell.
1735 1101 1830 1147 „tris

347 1167 463 1204 simul
493 1180 610 1204 unam
641 1169 809 1217 pereunt
838 1162 1092 1213 mulierem“;
1124 1165 1264 1215 quibus
1279 1166 1454 1215 Buggius
1478 1166 1618 1217 Opusc.
1643 1168 1692 1206 ad
1714 1167 1828 1206 Mad-

347 1235 494 1283 vigium
535 1249 557 1272 a
599 1235 801 1283 discipulis
841 1235 944 1272 miss.
986 1248 1023 1284 p.
1068 1235 1143 1272 186
1186 1234 1317 1272 addit:
1377 1235 1536 1283 „Hisce‚
1583 1249 1698 1274 unam
1740 1236 1829 1274 dum
1895 1243 1898 1246 ⁴

346 1303 491 1341 habent
521 1304 678 1349 minam,
711 1315 796 1339 eam
821 1303 987 1340 ameicae
1011 1299 1231 1340 deferunt“.
1287 1302 1471 1341 SchoelL:
1502 1304 1558 1350 „si
1582 1305 1677 1354 quid
1698 1308 1831 1353 restat,

347 1384 464 1421 super
501 1370 573 1408 hac
612 1371 793 1419 muliere,
836 1370 904 1407 His
942 1370 1275 1417 ruminandumst,
1315 1372 1382 1420 qui
1413 1371 1461 1409 ad
1493 1385 1576 1409 eam
1606 1371 1830 1419 aduenient,
1903 1398 1906 1401 -
1964 1403 1973 1428 5

348 1443 518 1478 ceterum
526 1437 559 1475 “.

459 1645 591 1682 Prima
621 1657 748 1690 scena,
781 1657 867 1694 quae
897 1645 1060 1682 senariis
1092 1645 1236 1694 scripta
1268 1647 1328 1682 est
1358 1648 1398 1682 et
1426 1645 1467 1682 in
1490 1646 1602 1683 codd.
1651 1645 1731 1693 DV,
1754 1647 1779 1685 i.
1797 1660 1842 1695 e.=

347 1713 586 1757 diverbium‚
626 1727 661 1751 v.
694 1712 845 1762 Proleg.
878 1726 917 1762 p.
955 1714 1027 1750 171
1063 1725 1140 1762 sq.,
1181 1725 1263 1749 esse
1295 1712 1558 1762 significatur,
1599 1713 1832 1752 Diniarchus

345 1781 559 1831 nequitiam
585 1794 693 1818 suam
717 1781 1003 1830 spectatoribus
1028 1782 1224 1830 expromit
1249 1782 1391 1818 amoris
1413 1785 1590 1832 sumptus
1607 1785 1842 1842 ceterasque.

347 1849 599 1887 difficultates
639 1851 678 1886 et
718 1851 969 1886 meretricum
1001 1862 1128 1886 mores
1160 1849 1313 1899 copiose
1345 1849 1570 1899 depingens.
1641 1851 1705 1887 22.
1746 1850 1832 1888 Non

345 1922 467 1955 totam
499 1919 618 1955 vitam
651 1917 828 1954 sufficere
860 1918 916 1954 ait
946 1921 990 1954 ut
1029 1917 1295 1967 per-discatur,
1343 1921 1439 1967 quot
1476 1918 1601 1955 modis
1639 1918 1833 1968 spolietur

347 1991 385 2023 et
415 1985 638 2023 ludificetur
668 1986 735 2034 qui
766 1986 982 2023 meretricis
1015 1987 1136 2022 amori
1168 1984 1324 2023 dedit-us
1355 1986 1418 2023 sit.
1479 1986 1642 2023 Versum
1667 1986 1834 2025 afferunt

347 2053 472 2091 Varro
503 2053 547 2090 L.
574 2053 618 2091 L.
643 2052 706 2101 VI,
742 2054 788 2091 11
824 2057 862 2090 et
885 2053 1109 2091 Priscianus
1141 2053 1187 2090 de
1220 2054 1352 2090 metris
1383 2053 1558 2092 Terentii
1583 2055 1620 2098 9,
1652 2068 1690 2105 p.
1713 2055 1831 2100 1322,

348 2123 414 2172 qui
445 2122 541 2159 duos
572 2122 767 2170 proximos
799 2121 909 2158 addit
933 2122 1004 2159 sic:
1042 2120 1237 2168 ,‚Amanti,
1271 2122 1362 2158 dum
1393 2121 1454 2159 hic
1483 2122 1694 2172 perdiscat,
1727 2122 1832 2173 quod

348 2177 486 2239 pereat
525 2189 667 2236 modis,
715 2190 850 2240 Neque
888 2190 1201 2227 eam'rationem
1244 2202 1289 2226 ea
1329 2191 1415 2239 ipsa
1459 2203 1641 2240 umquam
1681 2190 1834 2229 edocuit

349 2256 520 2304 Uenus“,
545 2258 648 2295 unde
673 2271 707 2295 v.
728 2259 778 2295 23
807 2258 1005 2295 emendari
1029 2258 1172 2307 potuit.
1193 2277 1245 2282 —-
1273 2258 1336 2295 24.
1371 2258 1427 2295 Ne
1455 2257 1643 2296 Venerem
1675 2258 1830 2308 quidem

349 2327 473 2375 ipsam
499 2326 554 2362 ait
577 2325 674 2363 hanc
700 2327 892 2364 rationem
917 2325 1133 2363 subducere
1159 2338 1286 2376 posse,
1319 2326 1497 2375 quamvis
1524 2326 1571 2363 ad
1597 2340 1681 2364 eam
1708 2326 1830 2364 omnis

350 2394 559 2430 amantium
591 2394 691 2430 ratio
723 2394 927 2431 referatur.
997 2391 1155 2441 educet,
1196 2407 1268 2443 pro
1308 2406 1384 2443 quo
1421 2392 1658 2439 „subducet“
1693 2394 1832 2433 substi-

348 2461 485 2498 tuebat
516 2461 693 2508 Mueller,
735 2475 819 2499 cum
852 2463 1014 2512 Buggio,
1049 2462 1226 2509 Luchsio,
1261 2462 1451 2500 Schoellio
1483 2462 1582 2499 idem
1615 2461 1831 2512 significare

350 2542 464 2579 posse
496 2528 623 2566 cred0.
650 2548 703 2553 —
731 2530 794 2567 25.
833 2526 964 2578 Quam
985 2540 1118 2578 penes
1138 2561 1143 2566 .
1166 2561 1173 2568 .
1195 2561 1202 2568 .
1221 2527 1343 2577 redit,
1377 2531 1422 2568 cf.
1449 2530 1538 2567 Ter.
1557 2530 1713 2568 Phorm.
1733 2531 1831 2569 317:

354 2597 428 2644 „ad
458 2600 496 2634 te
527 2610 675 2634 summa
707 2598 850 2645 solum,
892 2597 1095 2644 Phormio,
1139 2611 1270 2635 rerum
1312 2596 1454 2636 redit“.
1529 2607 1692 2636 Stemma
1721 2607 1831 2636 Sum·

349 2675 530 2711 marmm
577 2664 717 2715 Speng.
752 2666 903 2702 confert
942 2665 1054 2703 Lucr.
1089 2666 1139 2713 V,
1182 2668 1273 2704 361.
1335 2665 1434 2704 Plin.
1476 2666 1520 2703 H.
1554 2666 1599 2704 N.
1635 2665 1725 2713 VII,
1766 2666 1828 2704 99.

350 2733 481 2771 Senec.
515 2733 588 2783 Ep.
622 2733 672 2771 40
707 2737 804 2771 extr.
842 2754 887 2758 —
924 2735 986 2770 27.
1022 2733 1211 2772 exoretur
1242 2733 1300 2771 ed.
1329 2746 1388 2783 pr.
1422 2753 1476 2758 —
1509 2735 1571 2772 28.
1605 2729 1833 2773 blanditiae

350 2800 409 2837 cd.
435 2814 493 2851 pr.
532 2820 575 2826 -—
611 2802 675 2838 29.
709 2800 902 2851 Corrupto,
935 2801 1052 2838 verba
1085 2802 1149 2838 alii
1185 2802 1298 2838 aliter
1329 2801 1533 2839 emendare
1566 2803 1696 2840 conati
1720 2805 1829 2848 sunt3
