2009 3218
269 202 348 241 638
406 239 409 243 ,
880 197 1136 232 Truculentus.

267 327 350 366 Hoc
378 327 602 364 factitatum
632 326 862 364 Aristoteles
900 326 1037 363 scribit
1066 327 1105 363 in
1135 326 1237 364 libro
1268 327 1334 376 qui
1363 327 1592 363 inscribitur
1621 328 1746 375 νομικὰ

266 392 500 444 βαρβαρικάιι.
567 393 665 431 Tum
706 392 868 437 affertur
899 392 1020 431 Naevii
1050 407 1204 431 versus:
1257 393 1383 439 „Haec
1414 393 1570 442 quidem
1602 394 1743 441 hercle,

268 463 424 512 opinor,
470 460 696 512 praeficast3
743 461 854 511 quasi
899 464 1095 498 mortuum
1135 457 1384 506 conlaudat“‚
1431 474 1543 511 quem
1583 461 1745 498 eundem

267 530 401 566 laudat
445 528 550 567 Fest.
596 529 702 578 Epit.
748 542 786 578 p.
828 529 929 566 223:
980 527 1199 574 „Praeficae
1244 528 1428 565 dicuntur
1471 529 1652 566 mulieres
1697 529 1746 566 ad

267 597 554 634 lamentandum
588 601 783 634 mortuum
814 595 1024 641 conductae,
1057 608 1142 644 quae
1174 595 1268 632 dant
1290 597 1429 633 ceteris
1454 596 1611 633 modum
1633 597 1744 646 plan-

267 664 380 714 gendi
412 667 522 713 quasi
552 666 591 701 in
622 664 696 701 hoc
725 665 850 713 ipsum
882 660 1117 712 praefectae“.
1179 662 1326 700 Nonius
1358 666 1486 700 autem
1517 676 1553 712 p.
1585 664 1636 701 66
1667 676 1745 713 sq.:

270 731 490 779 „Praeficae
521 732 750 770 dicebantur
780 730 884 781 apud
915 735 1087 776 veteres,
1134 742 1219 779 quae
1259 729 1435 767 adhiberi
1466 731 1593 768 solent
1621 731 1747 768 funeri

267 799 443 837 mercede
461 800 670 845 conductae,
694 803 739 836 ut
764 804 803 837 et
825 798 965 835 flerent
988 802 1027 835 et
1050 798 1168 834 fortia
1192 797 1296 834 facta
1320 797 1540 835 laudarent.
1586 797 1747 836 Plautus

267 868 306 904 in
336 867 573 904 Frivolaria:
621 867 898 917 Superaboque
939 879 1070 903 omnes
1109 865 1328 914 argutando
1365 865 1566 914 praeficas.
1640 865 1747 904 Idem

266 935 524 980 Truculento:
569 935 783 981 Praeficas‚
832 947 931 984 quae
973 934 1069 971 alios
1109 916 1351 979 collaudare,
1399 946 1420 970 a
1460 946 1501 970 se
1536 946 1630 971 uero
1668 947 1748 972 non

267 1001 439 1052 potest“.
514 1003 626 1042 Unde
665 999 912 1041 conlaudare
951 1002 1013 1038 hic
1054 1001 1231 1037 restituit
1261 1001 1492 1048 Kiessling.,
1541 1010 1662 1050 eapse
1703 1011 1749 1040 86

268 1070 485 1120 Scioppius.
521 1091 569 1096 —
602 1081 701 1109 uero
733 1075 790 1107 est
820 1069 1066 1115 adverbium,
1105 1082 1183 1105 non
1215 1069 1447 1106 coniunctio.
1483 1088 1531 1094 ——
1567 1069 1678 1115 Quod
1707 1070 1748 1106 in

266 1140 397 1188 priore
443 1140 614 1176 membro
658 1136 836 1188 „potest“
879 1137 1037 1174 auditur
1076 1150 1122 1174 ex
1168 1137 1291 1174 altero
1330 1138 1534 1185 negativo,
1583 1138 1628 1175 cf.
1668 1137 1745 1175 Cic.

267 1207 386 1244 Acad.
420 1207 470 1253 II,
503 1208 566 1252 41,
603 1207 700 1244 126:
753 1206 837 1251 „An
869 1204 1011 1242 Stoicis
1049 1205 1143 1254 ipsis
1181 1205 1284 1241 inter
1314 1217 1355 1241 se
1386 1205 1623 1254 disceptare,
1664 1218 1748 1243 cum

266 1276 313 1312 iis
331 1288 408 1312 non
424 1271 608 1311 licebit?“
644 1274 775 1311 Senec.
790 1273 860 1319 QU.
880 1278 958 1310 nat.
976 1273 1040 1319 IV,
1060 1274 1096 1319 3,
1118 1274 1152 1310 1.
1185 1272 1423 1310 Tacit.Ann.
1440 1273 1527 1318 XII,
1548 1274 1617 1310 64:
1641 1272 1747 1320 „filio

268 1343 359 1380 dare
376 1343 596 1392 imperium,
614 1342 784 1378 tolerare
800 1343 1090 1390 imperitantem
1106 1339 1331 1389 nequibat“.
1362 1340 1471 1389 XIII,
1491 1341 1560 1378 56:
1592 1340 1749 1387 „deesse

266 1410 379 1448 nobis
399 1414 508 1447 terra
537 1411 578 1446 in
608 1411 740 1456 vitam,
772 1410 812 1446 in
836 1422 912 1458 qua
937 1409 1158 1455 moriamur,
1194 1421 1270 1445 non
1294 1405 1466 1458 potest“.
1492 1427 1547 1433 -
1570 1409 1663 1446 492.
1695 1405 1750 1446 acl

267 1475 441 1517 amicam
471 1470 730 1527 Nonius,'qui
760 1490 796 1527 p.
825 1478 903 1514 457
930 1477 1057 1514 locum
1088 1478 1144 1514 sic
1175 1475 1306 1513 affert:
1343 1475 1478 1523 „Nunc
1509 1475 1558 1512 ad
1589 1476 1748 1513 amicam

268 1548 416 1585 decimo
447 1558 578 1583 mense
609 1544 783 1582 Athenas
813 1545 988 1582 Attiseas
1018 1545 1120 1591 viso,
1155 1557 1271 1593 quam
1298 1543 1500 1592 gravidam
1524 1543 1586 1581 hjc
1608 1543 1750 1592 reliqui

265 1628 352 1653 meo
383 1626 618 1663 compressu,
651 1613 758 1663 quod
789 1626 834 1649 ea
864 1610 993 1661 agat“.
1055 1607 1227 1658 Atticas,
1259 1625 1294 1649 v.
1329 1612 1373 1648 ad
1406 1611 1521 1662 Epid.
1556 1612 1648 1649 501.

381 1683 473 1720 494.
507 1681 589 1720 tam
609 1678 848 1730 propinque
879 1680 989 1717 Acid.
1022 1693 1107 1726 em.,
1142 1680 1186 1717 cf.
1217 1680 1309 1718 569.
1336 1699 1390 1704 —
1421 1681 1513 1718 495.
1548 1676 1667 1718 adest
1687 1678 1748 1716 ed.

267 1764 326 1800 pr.
394 1749 516 1798 opust
555 1749 659 1787 Cam.
708 1769 760 1773 —-
806 1749 886 1786 496
933 1750 1099 1798 pessime
1138 1752 1345 1799 corruptus
1384 1752 1457 1786 est.
1522 1747 1627 1786 Cam.
1668 1747 1746 1785 ed.:

272 1818 398 1866 „Quid
430 1818 556 1854 adhuc
588 1829 680 1866 egeo
713 1817 790 1860 tui,
837 1817 1000 1861 malum,
1048 1816 1343 1854 admonitricis?
1388 1830 1436 1853 an
1473 1829 1533 1852 me
1564 1813 1751 1852 maleficio

268 1888 424 1924 uincere
456 1883 566 1923 est‘?“
643 1884 755 1921 Alios
794 1889 956 1921 conatus
988 1897 1022 1921 v.
1056 1897 1115 1933 ap.
1150 1883 1316 1922 Schoell.
1391 1883 1488 1922 Mihi
1532 1884 1751 1934 posteriora

269 1954 467 1992 emendari
499 1966 613 2003 posse
644 1953 844 1998 videntur,
885 1953 1020 2001 priora
1050 1952 1152 1988 unde
1185 1953 1375 1998 venerint,
1416 1964 1492 1988 non
1523 1951 1652 1998 video,
1683 1949 1750 1988 sed

266 2035 420 2059 versum
452 2023 594 2059 iustam
625 2033 844 2058 mensuram
877 2019 1010 2068 egredi
1041 2023 1218 2069 apparet.
1290 2018 1438 2056 Deletis
1469 2020 1593 2068 igitur
1622 2018 1749 2055 tribus

267 2092 405 2140 primis
435 2089 631 2126 vocabulis
669 2089 827 2138 scripsi:
877 2083 1064 2133 Simul05
1107 2097 1156 2124 ne
1186 2097 1249 2124 me
1278 2097 1418 2133 mon&
1464 2087 1500 2125 te
1534 2083 1648 2124 rerin
1687 2095 1749 2123 me

267 2155 466 2206 maleficio
496 2152 693 2195 uincere?
723 2175 777 2181 —
809 2156 902 2193 497.
937 2150 1104 2204 Peperit
1133 2154 1238 2192 Cam.
1308 2150 1391 2193 Uin
1423 2152 1566 2193 adeam
1597 2151 1653 2191 ad
1679 2149 1748 2191 ho-

268 2221 450 2264 minem?
481 2220 574 2263 PH.
615 2219 717 2263 Uolo
748 2224 853 2261 Pius.
885 2243 941 2248 —
972 2224 1051 2261 498
1085 2237 1156 2260 em.
1191 2222 1249 2259 ed.
1282 2235 1342 2272 pr.
1379 2242 1425 2247 —
1459 2223 1553 2259 499.
1599 2215 1749 2260 Uenire

269 2290 448 2340 saluom,
490 2306 540 2329 sc.
573 2298 610 2329 te
641 2291 812 2342 gaudeo,
851 2296 895 2328 ut
926 2290 1036 2328 Trin.
1073 2291 1198 2328 1073:
1252 2289 1435 2337 „saluom
1466 2294 1505 2327 te
1537 2287 1629 2335 —“,
1663 2299 1748 2338 quae

268 2362 329 2400 hic
361 2361 712 2411 quoquelibenter
742 2360 958 2409 posuerim,
1001 2372 1048 2395 ne
1086 2357 1274 2396 iambicus
1305 2371 1440 2395 versus
1470 2356 1662 2394 troehaeos
1692 2356 1748 2392 in·

268 2432 502 2478 tei-rumpat.
577 2427 666 2464 Alia
713 2427 779 2463 alii
826 2427 955 2464 conati
999 2430 1100 2464 sunt.
1149 2445 1198 2451 —
1250 2427 1339 2464 500.
1386 2421 1551 2475 Ecquid
1590 2423 1650 2461 ed.
1689 2435 1746 2472 pr.

268 2494 383 2545 mihi,
416 2496 461 2534 cf.
495 2495 542 2533 ad
574 2494 713 2544 Amph.
748 2495 840 2533 595.
913 2491 1035 2541 ,‚mei“
1077 2493 1223 2531 Ritsch.
1258 2493 1398 2543 Opusc.
1431 2493 1467 2530 II
1498 2507 1535 2543 p.
1572 2492 1661 2529 572.
1694 2509 1748 2515 —

270 2565 361 2602 501.
400 2560 571 2610 „Quine“
606 2562 777 2608 Acidal.;
809 2562 877 2599 sed
908 2567 1099 2611 praeterea
1137 2562 1248 2598 deest
1273 2560 1433 2610 aliquid.
1488 2559 1610 2597 Cam:
1649 2560 1747 2605 „iam

269 2629 558 2677 machaeram“;
610 2629 770 2679 Speng.:
822 2634 885 2676 „et
929 2627 1222 2675 machaeram“;
1277 2629 1384 2666 Sch.:
1445 2639 1748 2674 „ma—ma—

269 2696 554 2744 machaeram“,
587 2697 632 2735 cf.
665 2697 781 2733 Most.
816 2698 894 2733 317
927 2703 965 2734 et
998 2698 1089 2743 323,
1123 2709 1288 2746 quorum
1321 2696 1494 2732 locorum
1527 2695 1639 2743 longe
1671 2693 1748 2730 alia

269 2769 370 2804 ratio
402 2771 479 2815 est3
515 2777 606 2814 ego:
651 2760 730 2812 Qui
762 2761 973 2812 extemplo,
1008 2765 1053 2802 cf.
1087 2765 1134 2800 ad
1167 2763 1277 2801 Curc.
1313 2764 1376 2800 80.
1423 2762 1533 2811 Capt.
1569 2763 1661 2799 554.
1695 2779 1747 2785 —
