<?xml version="1.0" encoding="UTF-8"?>
<!DOCTYPE html PUBLIC "-//W3C//DTD XHTML 1.0 Transitional//EN"
    "http://www.w3.org/TR/xhtml1/DTD/xhtml1-transitional.dtd">
<html xmlns="http://www.w3.org/1999/xhtml" xml:lang="en" lang="en">
 <head>
  <title>
</title>
<meta http-equiv="Content-Type" content="text/html;charset=utf-8" />
  <meta name='ocr-system' content='tesseract 3.04.00' />
  <meta name='ocr-capabilities' content='ocr_page ocr_carea ocr_par ocr_line ocrx_word'/>
</head>
<body>
  <div class='ocr_page' id='page_1' title='image "./comoediaerecensu05plauuoft_0351.png"; bbox 0 0 2009 3218; ppageno 0'>
   <div class='ocr_carea' id='block_1_1' title="bbox 174 172 1658 223">
    <p class='ocr_par' dir='ltr' id='par_1_1' title="bbox 174 172 1658 223">
     <span class='ocr_line' id='line_1_1' title="bbox 174 172 1658 223; baseline -0.004 -9"><span class='ocrx_word' id='word_1_1' title='bbox 174 178 203 223; x_wconf 86' lang='lat'>1,</span> <span class='ocrx_word' id='word_1_2' title='bbox 226 178 258 220; x_wconf 76' lang='lat'>2,</span> <span class='ocrx_word' id='word_1_3' title='bbox 281 177 326 212; x_wconf 72' lang='lat'>82</span> <span class='ocrx_word' id='word_1_4' title='bbox 337 176 415 210; x_wconf 74' lang='lat'>-28</span> <span class='ocrx_word' id='word_1_5' title='bbox 788 172 1049 208; x_wconf 74' lang='lat' dir='ltr'>Truculeutus.</span> <span class='ocrx_word' id='word_1_6' title='bbox 1578 172 1658 211; x_wconf 84' lang='lat'>345</span> 
     </span>
    </p>
   </div>
   <div class='ocr_carea' id='block_1_2' title="bbox 631 288 1075 402">
    <p class='ocr_par' dir='ltr' id='par_1_2' title="bbox 631 288 1075 402">
     <span class='ocr_line' id='line_1_2' title="bbox 755 288 1075 330; baseline -0.006 0"><span class='ocrx_word' id='word_1_7' title='bbox 755 288 1075 330; x_wconf 81' lang='lat' dir='ltr'>Diniarchus</span> 
     </span>
     <span class='ocr_line' id='line_1_3' title="bbox 631 361 1009 402; baseline -0.008 0"><span class='ocrx_word' id='word_1_8' title='bbox 631 361 840 402; x_wconf 80' lang='lat' dir='ltr'>pessuma</span> <span class='ocrx_word' id='word_1_9' title='bbox 871 373 1009 401; x_wconf 84' lang='lat' dir='ltr'>mane.</span> 
     </span>
    </p>
   </div>
   <div class='ocr_carea' id='block_1_3' title="bbox 170 454 1659 804">
    <p class='ocr_par' dir='ltr' id='par_1_3' title="bbox 170 454 1659 804">
     <span class='ocr_line' id='line_1_4' title="bbox 749 454 1069 507; baseline -0.006 -11"><span class='ocrx_word' id='word_1_10' title='bbox 749 454 1069 507; x_wconf 69' lang='lat' dir='ltr'>Astaphium</span> 
     </span>
     <span class='ocr_line' id='line_1_5' title="bbox 630 525 1659 581; baseline -0.009 -12"><span class='ocrx_word' id='word_1_11' title='bbox 630 526 827 581; x_wconf 73' lang='lat' dir='ltr'>Optume,</span> <span class='ocrx_word' id='word_1_12' title='bbox 860 525 957 566; x_wconf 72' lang='lat' dir='ltr'>odio</span> <span class='ocrx_word' id='word_1_13' title='bbox 990 539 1045 566; x_wconf 85' lang='lat' dir='ltr'>es.</span> <span class='ocrx_word' id='word_1_14' title='bbox 1595 536 1659 569; x_wconf 81' lang='lat'>120</span> 
     </span>
     <span class='ocr_line' id='line_1_6' title="bbox 170 598 1104 652; baseline -0.009 -7"><span class='ocrx_word' id='word_1_15' title='bbox 170 602 481 645; x_wconf 77' lang='lat' dir='ltr'>Diniarchusne</span> <span class='ocrx_word' id='word_1_16' title='bbox 514 601 600 642; x_wconf 88' lang='lat' dir='ltr'>illic</span> <span class='ocrx_word' id='word_1_17' title='bbox 631 600 727 641; x_wconf 78' lang='lat' dir='ltr'>est?</span> <span class='ocrx_word' id='word_1_18' title='bbox 788 599 928 652; x_wconf 82' lang='lat' dir='ltr'><strong>Atque</strong></span> <span class='ocrx_word' id='word_1_19' title='bbox 960 598 995 638; x_wconf 85' lang='lat' dir='ltr'>is</span> <span class='ocrx_word' id='word_1_20' title='bbox 1028 601 1104 638; x_wconf 83' lang='lat' dir='ltr'>est.</span> 
     </span>
     <span class='ocr_line' id='line_1_7' title="bbox 749 692 1077 734; baseline -0.006 0"><span class='ocrx_word' id='word_1_21' title='bbox 749 692 1077 734; x_wconf 67' lang='lat' dir='ltr'>Diniarohus</span> 
     </span>
     <span class='ocr_line' id='line_1_8' title="bbox 1151 761 1383 804; baseline -0.004 0"><span class='ocrx_word' id='word_1_22' title='bbox 1151 761 1284 804; x_wconf 80' lang='lat' dir='ltr'>Salua</span> <span class='ocrx_word' id='word_1_23' title='bbox 1314 762 1383 803; x_wconf 78' lang='lat' dir='ltr'>sis.</span> 
     </span>
    </p>
   </div>
   <div class='ocr_carea' id='block_1_4' title="bbox 752 834 1609 951">
    <p class='ocr_par' dir='ltr' id='par_1_4' title="bbox 752 834 1609 951">
     <span class='ocr_line' id='line_1_9' title="bbox 752 834 1069 889; baseline -0.006 -11"><span class='ocrx_word' id='word_1_24' title='bbox 752 834 1069 889; x_wconf 61' lang='lat' dir='ltr'>Astaphium</span> 
     </span>
     <span class='ocr_line' id='line_1_10' title="bbox 1447 890 1609 951; baseline 0.006 -20"><span class='ocrx_word' id='word_1_25' title='bbox 1447 890 1501 932; x_wconf 84' lang='lat' dir='ltr'>Et</span> <span class='ocrx_word' id='word_1_26' title='bbox 1531 896 1609 951; x_wconf 30' lang='grc' dir='ltr'>ω..</span> 
     </span>
    </p>
   </div>
   <div class='ocr_carea' id='block_1_5' title="bbox 337 973 1298 1098">
    <p class='ocr_par' dir='ltr' id='par_1_5' title="bbox 337 973 1298 1098">
     <span class='ocr_line' id='line_1_11' title="bbox 749 973 1077 1014; baseline -0.006 0"><span class='ocrx_word' id='word_1_27' title='bbox 749 973 1077 1014; x_wconf 80' lang='lat' dir='ltr'>Diniarchus</span> 
     </span>
     <span class='ocr_line' id='line_1_12' title="bbox 337 1042 1298 1098; baseline -0.006 -9"><span class='ocrx_word' id='word_1_28' title='bbox 337 1048 417 1089; x_wconf 79' lang='lat' dir='ltr'>Fer</span> <span class='ocrx_word' id='word_1_29' title='bbox 447 1051 600 1089; x_wconf 81' lang='lat' dir='ltr'>contra</span> <span class='ocrx_word' id='word_1_30' title='bbox 632 1059 804 1087; x_wconf 83' lang='lat' dir='ltr'>manum</span> <span class='ocrx_word' id='word_1_31' title='bbox 835 1049 879 1086; x_wconf 81' lang='lat' dir='ltr'>et</span> <span class='ocrx_word' id='word_1_32' title='bbox 909 1044 1073 1098; x_wconf 81' lang='lat' dir='ltr'>pariter</span> <span class='ocrx_word' id='word_1_33' title='bbox 1104 1042 1298 1097; x_wconf 83' lang='lat' dir='ltr'><strong>gradere.</strong></span> 
     </span>
    </p>
   </div>
   <div class='ocr_carea' id='block_1_6' title="bbox 336 1138 1346 1267">
    <p class='ocr_par' dir='ltr' id='par_1_6' title="bbox 336 1138 1346 1267">
     <span class='ocr_line' id='line_1_13' title="bbox 752 1138 1069 1193; baseline -0.006 -12"><span class='ocrx_word' id='word_1_34' title='bbox 752 1138 1069 1193; x_wconf 76' lang='lat' dir='ltr'>Astaphium</span> 
     </span>
     <span class='ocr_line' id='line_1_14' title="bbox 336 1209 1346 1267; baseline -0.006 -11"><span class='ocrx_word' id='word_1_35' title='bbox 336 1214 439 1256; x_wconf 85' lang='lat' dir='ltr'>Tuis</span> <span class='ocrx_word' id='word_1_36' title='bbox 470 1214 613 1255; x_wconf 80' lang='lat' dir='ltr'>seruio</span> <span class='ocrx_word' id='word_1_37' title='bbox 645 1218 777 1267; x_wconf 80' lang='lat' dir='ltr'>atque</span> <span class='ocrx_word' id='word_1_38' title='bbox 809 1211 989 1252; x_wconf 83' lang='lat' dir='ltr'>audiens</span> <span class='ocrx_word' id='word_1_39' title='bbox 1019 1224 1111 1252; x_wconf 85' lang='lat' dir='ltr'>sum</span> <span class='ocrx_word' id='word_1_40' title='bbox 1144 1209 1346 1264; x_wconf 86' lang='lat' dir='ltr'>imperiis.</span> 
     </span>
    </p>
   </div>
   <div class='ocr_carea' id='block_1_7' title="bbox 333 1305 1652 1657">
    <p class='ocr_par' dir='ltr' id='par_1_7' title="bbox 333 1305 1652 1657">
     <span class='ocr_line' id='line_1_15' title="bbox 746 1305 1069 1347; baseline -0.003 0"><span class='ocrx_word' id='word_1_41' title='bbox 746 1305 1069 1347; x_wconf 76' lang='lat' dir='ltr'>Diniarchus</span> 
     </span>
     <span class='ocr_line' id='line_1_16' title="bbox 335 1380 599 1434; baseline -0.004 -12"><span class='ocrx_word' id='word_1_42' title='bbox 335 1380 447 1431; x_wconf 87' lang='lat' dir='ltr'>Quid</span> <span class='ocrx_word' id='word_1_43' title='bbox 479 1381 599 1434; x_wconf 79' lang='lat' dir='ltr'>agis?</span> 
     </span>
     <span class='ocr_line' id='line_1_17' title="bbox 753 1457 1068 1511; baseline -0.006 -12"><span class='ocrx_word' id='word_1_44' title='bbox 753 1457 1068 1511; x_wconf 79' lang='lat' dir='ltr'>Astaphium</span> 
     </span>
     <span class='ocr_line' id='line_1_18' title="bbox 654 1528 1260 1572; baseline -0.005 0"><span class='ocrx_word' id='word_1_45' title='bbox 654 1530 787 1572; x_wconf 87' lang='lat' dir='ltr'>Ualeo</span> <span class='ocrx_word' id='word_1_46' title='bbox 820 1535 862 1571; x_wconf 82' lang='lat' dir='ltr'>et</span> <span class='ocrx_word' id='word_1_47' title='bbox 894 1528 1089 1570; x_wconf 88' lang='lat' dir='ltr'>ualidum</span> <span class='ocrx_word' id='word_1_48' title='bbox 1119 1532 1260 1570; x_wconf 80' lang='lat' dir='ltr'>teneo.</span> 
     </span>
     <span class='ocr_line' id='line_1_19' title="bbox 333 1600 1652 1657; baseline 0 -13"><span class='ocrx_word' id='word_1_49' title='bbox 333 1603 515 1656; x_wconf 85' lang='lat' dir='ltr'>Peregre</span> <span class='ocrx_word' id='word_1_50' title='bbox 547 1603 749 1657; x_wconf 84' lang='lat' dir='ltr'>quoniam</span> <span class='ocrx_word' id='word_1_51' title='bbox 783 1601 974 1651; x_wconf 86' lang='lat' dir='ltr'>aduenis,</span> <span class='ocrx_word' id='word_1_52' title='bbox 1008 1613 1115 1642; x_wconf 86' lang='lat' dir='ltr'>cena</span> <span class='ocrx_word' id='word_1_53' title='bbox 1147 1600 1284 1642; x_wconf 87' lang='lat' dir='ltr'>detur.</span> <span class='ocrx_word' id='word_1_54' title='bbox 1590 1610 1652 1644; x_wconf 83' lang='lat'>125</span> 
     </span>
    </p>
   </div>
   <div class='ocr_carea' id='block_1_8' title="bbox 332 1691 1295 1820">
    <p class='ocr_par' dir='ltr' id='par_1_8' title="bbox 332 1691 1295 1820">
     <span class='ocr_line' id='line_1_20' title="bbox 742 1691 1071 1735; baseline -0.009 0"><span class='ocrx_word' id='word_1_55' title='bbox 742 1691 1071 1735; x_wconf 85' lang='lat' dir='ltr'>Diniarchus</span> 
     </span>
     <span class='ocr_line' id='line_1_21' title="bbox 332 1763 1295 1820; baseline -0.004 -12"><span class='ocrx_word' id='word_1_56' title='bbox 332 1767 522 1820; x_wconf 85' lang='lat' dir='ltr'>Benigne</span> <span class='ocrx_word' id='word_1_57' title='bbox 555 1766 674 1816; x_wconf 75' lang='lat' dir='ltr'>dicis,</span> <span class='ocrx_word' id='word_1_58' title='bbox 706 1766 815 1807; x_wconf 89' lang='lat' dir='ltr'>bene</span> <span class='ocrx_word' id='word_1_59' title='bbox 847 1777 991 1816; x_wconf 83' lang='lat' dir='ltr'>uocas,</span> <span class='ocrx_word' id='word_1_60' title='bbox 1023 1763 1295 1818; x_wconf 83' lang='lat' dir='ltr'>Astaphium.</span> 
     </span>
    </p>
   </div>
   <div class='ocr_carea' id='block_1_9' title="bbox 165 1859 1540 2190">
    <p class='ocr_par' dir='ltr' id='par_1_9' title="bbox 165 1859 1540 2190">
     <span class='ocr_line' id='line_1_22' title="bbox 735 1859 1067 1913; baseline -0.003 -12"><span class='ocrx_word' id='word_1_61' title='bbox 735 1862 768 1901; x_wconf 94' lang='lat' dir='ltr'>A</span> <span class='ocrx_word' id='word_1_62' title='bbox 795 1859 1067 1913; x_wconf 81' lang='lat' dir='ltr'>staphium</span> 
     </span>
     <span class='ocr_line' id='line_1_23' title="bbox 1359 1925 1540 1976; baseline 0 -9"><span class='ocrx_word' id='word_1_63' title='bbox 1359 1925 1540 1976; x_wconf 82' lang='lat' dir='ltr'><strong>Amabo,</strong></span> 
     </span>
     <span class='ocr_line' id='line_1_24' title="bbox 165 1986 856 2041; baseline -0.006 -11"><span class='ocrx_word' id='word_1_64' title='bbox 165 1988 264 2030; x_wconf 89' lang='lat' dir='ltr'>Sine</span> <span class='ocrx_word' id='word_1_65' title='bbox 295 2002 360 2030; x_wconf 90' lang='lat' dir='ltr'>me</span> <span class='ocrx_word' id='word_1_66' title='bbox 391 1988 466 2039; x_wconf 91' lang='lat' dir='ltr'>ire,</span> <span class='ocrx_word' id='word_1_67' title='bbox 497 2001 571 2029; x_wconf 86' lang='lat' dir='ltr'>era</span> <span class='ocrx_word' id='word_1_68' title='bbox 602 2000 688 2041; x_wconf 90' lang='lat' dir='ltr'>quo</span> <span class='ocrx_word' id='word_1_69' title='bbox 719 1986 856 2027; x_wconf 83' lang='lat' dir='ltr'>iussit.</span> 
     </span>
     <span class='ocr_line' id='line_1_25' title="bbox 739 2064 1072 2106; baseline -0.003 0"><span class='ocrx_word' id='word_1_70' title='bbox 739 2064 1072 2106; x_wconf 82' lang='lat' dir='ltr'>Diniarchus</span> 
     </span>
     <span class='ocr_line' id='line_1_26' title="bbox 894 2134 1374 2190; baseline -0.006 -12"><span class='ocrx_word' id='word_1_71' title='bbox 894 2136 1002 2188; x_wconf 82' lang='lat' dir='ltr'>Eas;</span> <span class='ocrx_word' id='word_1_72' title='bbox 1035 2135 1112 2178; x_wconf 85' lang='lat' dir='ltr'>sed</span> <span class='ocrx_word' id='word_1_73' title='bbox 1143 2134 1246 2190; x_wconf 91' lang='lat' dir='ltr'>quid</span> <span class='ocrx_word' id='word_1_74' title='bbox 1279 2135 1374 2176; x_wconf 83' lang='lat' dir='ltr'>ais‘?</span> 
     </span>
    </p>
   </div>
   <div class='ocr_carea' id='block_1_10' title="bbox 747 2216 1653 2321">
    <p class='ocr_par' dir='ltr' id='par_1_10' title="bbox 747 2216 1653 2321">
     <span class='ocr_line' id='line_1_27' title="bbox 747 2216 1065 2269; baseline -0.006 -12"><span class='ocrx_word' id='word_1_75' title='bbox 747 2216 1065 2269; x_wconf 81' lang='lat' dir='ltr'>Astaphium</span> 
     </span>
     <span class='ocr_line' id='line_1_28' title="bbox 1411 2270 1653 2321; baseline -0.004 -9"><span class='ocrx_word' id='word_1_76' title='bbox 1411 2270 1525 2321; x_wconf 86' lang='lat' dir='ltr'>Quid</span> <span class='ocrx_word' id='word_1_77' title='bbox 1559 2271 1653 2312; x_wconf 83' lang='lat' dir='ltr'>uis?</span> 
     </span>
    </p>
   </div>
   <div class='ocr_carea' id='block_1_11' title="bbox 165 2355 428 2360">
    <p class='ocr_par' dir='ltr' id='par_1_11' title="bbox 165 2355 428 2360">
     <span class='ocr_line' id='line_1_29' title="bbox 165 2355 428 2360; baseline 0 0"><span class='ocrx_word' id='word_1_78' title='bbox 165 2355 428 2360; x_wconf 95' lang='lat' dir='ltr'> </span> 
     </span>
    </p>
   </div>
   <div class='ocr_carea' id='block_1_12' title="bbox 163 2398 1657 2794">
    <p class='ocr_par' dir='ltr' id='par_1_12' title="bbox 163 2398 1657 2794">
     <span class='ocr_line' id='line_1_30' title="bbox 278 2398 1653 2456; baseline -0.004 -11"><span class='ocrx_word' id='word_1_79' title='bbox 278 2412 343 2446; x_wconf 88' lang='grc'>119</span> <span class='ocrx_word' id='word_1_80' title='bbox 365 2410 561 2456; x_wconf 75' lang='lat' dir='ltr'>pessimam</span> <span class='ocrx_word' id='word_1_81' title='bbox 589 2409 670 2444; x_wconf 82' lang='lat' dir='ltr'>anel</span> <span class='ocrx_word' id='word_1_82' title='bbox 696 2408 767 2444; x_wconf 87' lang='lat' dir='ltr'>BG</span> <span class='ocrx_word' id='word_1_83' title='bbox 857 2410 922 2442; x_wconf 92' lang='lat'>120</span> <span class='ocrx_word' id='word_1_84' title='bbox 947 2411 1086 2452; x_wconf 81' lang='lat' dir='ltr'>optune</span> <span class='ocrx_word' id='word_1_85' title='bbox 1112 2406 1148 2442; x_wconf 92' lang='grc' dir='ltr'><strong><em>Β</em></strong></span> <span class='ocrx_word' id='word_1_86' title='bbox 1241 2398 1327 2441; x_wconf 80' lang='lat' dir='ltr'>0&#39;dio</span> <span class='ocrx_word' id='word_1_87' title='bbox 1354 2409 1409 2441; x_wconf 81' lang='lat' dir='ltr'>est</span> <span class='ocrx_word' id='word_1_88' title='bbox 1432 2406 1477 2448; x_wconf 79' lang='lat' dir='ltr'>A,</span> <span class='ocrx_word' id='word_1_89' title='bbox 1504 2406 1653 2441; x_wconf 85' lang='lat' dir='ltr'>odiosus</span> 
     </span>
     <span class='ocr_line' id='line_1_31' title="bbox 163 2462 1653 2505; baseline -0.004 -2"><span class='ocrx_word' id='word_1_90' title='bbox 163 2477 202 2502; x_wconf 74' lang='grc' dir='ltr'>οι</span> <span class='ocrx_word' id='word_1_91' title='bbox 226 2466 294 2503; x_wconf 84' lang='lat' dir='ltr'>BG</span> <span class='ocrx_word' id='word_1_92' title='bbox 394 2469 451 2502; x_wconf 90' lang='lat'>121</span> <span class='ocrx_word' id='word_1_93' title='bbox 484 2466 739 2501; x_wconf 79' lang='lat' dir='ltr'>Diuarohusne</span> <span class='ocrx_word' id='word_1_94' title='bbox 767 2465 833 2500; x_wconf 82' lang='lat' dir='ltr'>BG</span> <span class='ocrx_word' id='word_1_95' title='bbox 919 2465 1041 2499; x_wconf 79' lang='lat' dir='ltr'>isertis</span> <span class='ocrx_word' id='word_1_96' title='bbox 1066 2463 1112 2505; x_wconf 80' lang='lat' dir='ltr'>B,</span> <span class='ocrx_word' id='word_1_97' title='bbox 1138 2464 1267 2498; x_wconf 77' lang='lat' dir='ltr'>Isestis</span> <span class='ocrx_word' id='word_1_98' title='bbox 1296 2462 1324 2498; x_wconf 82' lang='grc' dir='ltr'><em>Ο</em></span> <span class='ocrx_word' id='word_1_99' title='bbox 1414 2463 1457 2496; x_wconf 82' lang='lat' dir='ltr'>ad</span> <span class='ocrx_word' id='word_1_100' title='bbox 1485 2475 1550 2497; x_wconf 77' lang='lat' dir='ltr'>uas</span> <span class='ocrx_word' id='word_1_101' title='bbox 1577 2463 1653 2497; x_wconf 81' lang='lat' dir='ltr'>lissi</span> 
     </span>
     <span class='ocr_line' id='line_1_32' title="bbox 163 2519 1522 2568; baseline -0.003 -10"><span class='ocrx_word' id='word_1_102' title='bbox 163 2523 243 2558; x_wconf 73' lang='lat' dir='ltr'>itun</span> <span class='ocrx_word' id='word_1_103' title='bbox 267 2524 304 2559; x_wconf 86' lang='lat' dir='ltr'><em>B</em></span> <span class='ocrx_word' id='word_1_104' title='bbox 330 2524 360 2560; x_wconf 82' lang='lat'><em>0</em></span> <span class='ocrx_word' id='word_1_105' title='bbox 379 2525 471 2567; x_wconf 74' lang='lat' dir='ltr'>(nisi</span> <span class='ocrx_word' id='word_1_106' title='bbox 493 2526 587 2568; x_wconf 80' lang='lat' dir='ltr'><em>quod</em></span> <span class='ocrx_word' id='word_1_107' title='bbox 611 2523 726 2566; x_wconf 85' lang='lat' dir='ltr'>ittuli)</span> <span class='ocrx_word' id='word_1_108' title='bbox 866 2524 928 2555; x_wconf 89' lang='lat'>122</span> <span class='ocrx_word' id='word_1_109' title='bbox 954 2521 1042 2556; x_wconf 81' lang='lat' dir='ltr'>Fert</span> <span class='ocrx_word' id='word_1_110' title='bbox 1067 2520 1134 2556; x_wconf 81' lang='lat' dir='ltr'>Bo</span> <span class='ocrx_word' id='word_1_111' title='bbox 1259 2522 1321 2554; x_wconf 87' lang='lat'>123</span> <span class='ocrx_word' id='word_1_112' title='bbox 1346 2519 1428 2553; x_wconf 85' lang='lat' dir='ltr'>Tibi</span> <span class='ocrx_word' id='word_1_113' title='bbox 1453 2519 1522 2554; x_wconf 78' lang='lat' dir='ltr'>BC</span> 
     </span>
     <span class='ocr_line' id='line_1_33' title="bbox 164 2575 1657 2624; baseline -0.005 -9"><span class='ocrx_word' id='word_1_114' title='bbox 164 2581 290 2615; x_wconf 78' lang='lat' dir='ltr'>audies</span> <span class='ocrx_word' id='word_1_115' title='bbox 314 2581 384 2616; x_wconf 81' lang='lat' dir='ltr'>BG</span> <span class='ocrx_word' id='word_1_116' title='bbox 478 2581 617 2624; x_wconf 70' lang='lat' dir='ltr'>inpetis</span> <span class='ocrx_word' id='word_1_117' title='bbox 645 2579 712 2614; x_wconf 91' lang='lat' dir='ltr'>BC</span> <span class='ocrx_word' id='word_1_118' title='bbox 814 2580 876 2612; x_wconf 82' lang='lat'>124</span> <span class='ocrx_word' id='word_1_119' title='bbox 900 2578 993 2612; x_wconf 72' lang='lat' dir='ltr'>Tute</span> <span class='ocrx_word' id='word_1_120' title='bbox 1020 2578 1108 2622; x_wconf 89' lang='lat' dir='ltr'>quid</span> <span class='ocrx_word' id='word_1_121' title='bbox 1134 2577 1203 2613; x_wconf 81' lang='lat' dir='ltr'>BG</span> <span class='ocrx_word' id='word_1_122' title='bbox 1300 2577 1392 2610; x_wconf 85' lang='lat' dir='ltr'>uade</span> <span class='ocrx_word' id='word_1_123' title='bbox 1418 2575 1494 2616; x_wconf 83' lang='lat' dir='ltr'>BG,</span> <span class='ocrx_word' id='word_1_124' title='bbox 1522 2577 1601 2611; x_wconf 82' lang='lat' dir='ltr'>uale</span> <span class='ocrx_word' id='word_1_125' title='bbox 1629 2579 1657 2611; x_wconf 76' lang='lat' dir='ltr'><em>C</em></span> 
     </span>
     <span class='ocr_line' id='line_1_34' title="bbox 166 2634 1654 2679; baseline -0.003 -8"><span class='ocrx_word' id='word_1_126' title='bbox 166 2638 229 2672; x_wconf 74' lang='lat'>125</span> <span class='ocrx_word' id='word_1_127' title='bbox 252 2638 406 2673; x_wconf 71' lang='lat' dir='ltr'>aduenis</span> <span class='ocrx_word' id='word_1_128' title='bbox 431 2644 563 2672; x_wconf 82' lang='lat' dir='ltr'>centur</span> <span class='ocrx_word' id='word_1_129' title='bbox 581 2636 649 2671; x_wconf 87' lang='lat' dir='ltr'>BC</span> <span class='ocrx_word' id='word_1_130' title='bbox 721 2637 783 2670; x_wconf 82' lang='lat'>126</span> <span class='ocrx_word' id='word_1_131' title='bbox 810 2635 1001 2670; x_wconf 76' lang='lat' dir='ltr'>Benedicis</span> <span class='ocrx_word' id='word_1_132' title='bbox 1028 2635 1259 2679; x_wconf 81' lang='lat' dir='ltr'>benigneque</span> <span class='ocrx_word' id='word_1_133' title='bbox 1286 2644 1397 2668; x_wconf 83' lang='lat' dir='ltr'>uocas</span> <span class='ocrx_word' id='word_1_134' title='bbox 1417 2634 1462 2676; x_wconf 85' lang='lat' dir='ltr'>A,</span> <span class='ocrx_word' id='word_1_135' title='bbox 1491 2634 1654 2677; x_wconf 75' lang='lat' dir='ltr'>Benigne</span> 
     </span>
     <span class='ocr_line' id='line_1_35' title="bbox 164 2689 1566 2734; baseline -0.003 -7"><span class='ocrx_word' id='word_1_136' title='bbox 164 2692 253 2728; x_wconf 84' lang='lat' dir='ltr'>dicis</span> <span class='ocrx_word' id='word_1_137' title='bbox 278 2693 347 2729; x_wconf 82' lang='lat' dir='ltr'>BG</span> <span class='ocrx_word' id='word_1_138' title='bbox 424 2696 532 2728; x_wconf 72' lang='lat' dir='ltr'><strong>Astat</strong></span> <span class='ocrx_word' id='word_1_139' title='bbox 557 2699 602 2727; x_wconf 77' lang='lat' dir='ltr'>eti</span> <span class='ocrx_word' id='word_1_140' title='bbox 628 2693 735 2727; x_wconf 78' lang='lat' dir='ltr'>ambo</span> <span class='ocrx_word' id='word_1_141' title='bbox 761 2692 809 2734; x_wconf 90' lang='lat' dir='ltr'>B,</span> <span class='ocrx_word' id='word_1_142' title='bbox 837 2696 955 2726; x_wconf 77' lang='lat' dir='ltr'>astate</span> <span class='ocrx_word' id='word_1_143' title='bbox 982 2691 1091 2725; x_wconf 86' lang='lat' dir='ltr'>ambo</span> <span class='ocrx_word' id='word_1_144' title='bbox 1118 2690 1147 2725; x_wconf 88' lang='lat' dir='ltr'><strong><em>C</em></strong></span> <span class='ocrx_word' id='word_1_145' title='bbox 1231 2692 1295 2725; x_wconf 82' lang='lat'>127</span> <span class='ocrx_word' id='word_1_146' title='bbox 1321 2701 1384 2724; x_wconf 80' lang='lat' dir='ltr'>era</span> <span class='ocrx_word' id='word_1_147' title='bbox 1409 2700 1475 2724; x_wconf 75' lang='lat' dir='ltr'>om.</span> <span class='ocrx_word' id='word_1_148' title='bbox 1502 2689 1566 2724; x_wconf 90' lang='lat' dir='ltr'>BC</span> 
     </span>
     <span class='ocr_line' id='line_1_36' title="bbox 165 2748 400 2794; baseline 0.004 -9"><span class='ocrx_word' id='word_1_149' title='bbox 165 2748 259 2794; x_wconf 74' lang='lat' dir='ltr'>Quid</span> <span class='ocrx_word' id='word_1_150' title='bbox 284 2751 340 2786; x_wconf 71' lang='lat' dir='ltr'>ius</span> <span class='ocrx_word' id='word_1_151' title='bbox 364 2750 400 2786; x_wconf 93' lang='lat' dir='ltr'><em>B</em></span> 
     </span>
    </p>
   </div>
  </div>
 </body>
</html>
