2009 3218
201 128 249 172 11,
272 129 304 171 3,
329 127 440 162 5—20
814 128 1072 164 Truculentus.
1598 132 1674 171 361

781 254 1097 307 Astaphium

198 325 291 368 Non
322 325 417 380 quis
450 338 683 379 parumper
713 324 870 366 durare
902 326 1172 379 opperirier?

772 419 1102 461 Diniarchus

197 491 306 542 Quin
338 490 481 533 hercle
512 490 653 532 lassus
686 492 771 533 iam
803 505 894 533 sum
927 491 1126 534 durando
1162 494 1308 545 miser3

195 562 298 605 Mihi
329 577 501 618 quoque
535 577 637 617 prae
669 563 927 605 lassitudine
960 578 1067 618 opus
1100 569 1163 606 est
1193 568 1239 606 ut
1268 565 1423 607 lauem.
1615 579 1680 612 325

195 634 277 678 Sed
308 635 486 678 obsecro
519 635 676 686 hercle,
711 634 979 689 Astaphium,
1015 637 1029 676 ι’
1059 637 1174 679 intro
1207 651 1257 679 ac
1288 639 1440 679 nuntia

194 707 260 750 Me
291 707 456 758 adesse,
488 713 533 749 ut
566 712 770 762 properet
801 706 826 759 †
856 721 988 750 suaue
1020 709 1118 760 iam,
1150 713 1198 750 ut
1230 710 1337 751 satis
1370 709 1540 753 lauerit.

771 803 1092 856 Astaphium

191 859 321 902 Licet.

768 948 1091 990 Diniarchus

379 1019 519 1061 Audin
552 1020 713 1061 etiam?

771 1115 1090 1169 Astaphium

775 1186 886 1238 Quid
917 1187 1014 1229 uis‘?

764 1282 1092 1325 Diniarchus

1070 1355 1123 1397 Di
1154 1369 1221 1398 me
1252 1357 1468 1411 perduint,

187 1427 231 1470 Si
261 1432 303 1470 te
333 1427 547 1470 reuocaui.
611 1426 707 1469 Non
738 1427 818 1470 tibi
851 1427 1068 1469 dicebam:
1101 1429 1114 1469 i
1146 1427 1309 1471 modo?

770 1523 1087 1578 Astaphium

188 1593 297 1645 Quid
327 1595 411 1637 iam
442 1594 692 1646 reuocabas‚
724 1595 905 1650 inprobe
936 1595 1149 1650 nihilique
1180 1595 1336 1639 homo?
1607 1610 1674 1644 330

186 1666 280 1721 Ipse
311 1665 389 1709 tibi
421 1666 537 1708 mille
567 1680 741 1721 passum
774 1668 982 1721 peperisti
1012 1681 1172 1709 morae.

763 1762 1092 1805 Diniarehus

186 1833 267 1877 Sed
300 1833 401 1888 quid
435 1834 541 1876 haec
571 1833 641 1876 hic
673 1839 818 1877 autem
850 1841 935 1877 tam
971 1835 1045 1877 diu
1078 1840 1178 1878 ante
1211 1836 1331 1878 aedis
1364 1838 1517 1879 stetit?

185 1905 337 1948 Nescio
368 1920 496 1960 quem
528 1907 797 1961 praestolata
829 1912 914 1958 est;
950 1907 1078 1949 credo
1111 1907 1305 1950 militem.

186 1977 307 2020 Illum
339 1979 512 2021 student
543 1981 648 2030 iam;
682 1980 804 2033 quasi
837 1979 1014 2021 uolturii
1048 1979 1190 2021 triduo

186 2049 305 2092 Prius
335 2051 642 2105 praediuinant
673 2051 725 2093 de
758 2053 886 2105 quoio
919 2052 1034 2094 esuri
1068 2053 1191 2093 sient.
1603 2064 1668 2098 335

186 2121 308 2164 Illum
340 2123 507 2166 inhiant
538 2138 705 2175 omnes;
736 2123 801 2165 illi
833 2128 898 2165 est
929 2124 1097 2165 animus
1129 2123 1347 2175 omnibus3

184 2193 250 2236 Me
281 2195 415 2237 nihilo
449 2196 585 2249 magis
616 2196 832 2250 respiciet,
867 2195 939 2237 ubi
972 2196 1008 2236 is
1040 2195 1122 2237 huc
1155 2197 1336 2246 uenerit,

186 2264 318 2315 Quam
351 2267 387 2308 si
418 2266 568 2309 abhinc
600 2268 808 2309 ducentos
841 2281 976 2309 annos
1008 2267 1162 2309 fuerim
1194 2273 1402 2310 mortuus.

294 2425 360 2459 323
383 2436 510 2470 parum
538 2425 730 2469 pei-durari
757 2424 823 2459 Bc
910 2427 1119 2470 opperimer
1144 2426 1179 2461 B
1261 2429 1325 2462 324
1375 2428 1471 2463 ercle
1497 2427 1532 2462 B
1603 2429 1668 2462 325

185 2483 240 2514 est
265 2480 345 2517 lane
438 2483 504 2516 326
529 2482 537 2515 i
565 2493 628 2516 om.
724 2484 788 2517 327
815 2483 942 2516 adesse
962 2484 1017 2517 tui
1112 2484 1179 2518 328
1203 2484 1280 2518 aitd
1306 2485 1457 2519 inetiam
1483 2484 1511 2519 Ο
1601 2487 1666 2519 329

185 2535 251 2580 Qui
342 2539 514 2574 reuocabi
540 2538 575 2573 B
664 2540 730 2573 330
754 2538 848 2581 Quid
876 2541 946 2573 iam
973 2550 1029 2573 me
1054 2539 1090 2573 B
1174 2541 1237 2575 331
1266 2541 1342 2585 Que
1369 2541 1415 2583 B,
1441 2552 1523 2585 quae
1552 2543 1581 2576 G

184 2594 326 2637 peperit
403 2596 469 2630 333
494 2600 640 2640 praesto
666 2597 720 2630 ita
745 2596 817 2630 lata
843 2602 898 2630 est
980 2597 1046 2631 334
1072 2596 1157 2631 uolo
1182 2598 1336 2632 turieeri
1362 2598 1433 2633 duo
1458 2597 1505 2637 Β,
1532 2599 1666 2632 uolturi

185 2647 265 2684 heri
288 2649 360 2685 duo
387 2651 415 2686 C
516 2653 582 2686 335
608 2665 679 2696 quo
708 2653 765 2686 die
791 2653 867 2686 euri
893 2653 989 2687 sieut
1095 2655 1161 2688 336
1185 2654 1304 2689 iniant
1405 2657 1470 2690 337
1496 2656 1594 2689 nimo
1624 2655 1664 2691 Β,

186 2704 297 2741 nimio
323 2706 351 2741 C
440 2708 502 2742 ubi
526 2709 556 2743 is
582 2713 639 2743 est
662 2709 733 2743 hue
827 2710 893 2743 338
917 2709 946 2743 εἰ
972 2709 1056 2744 hinc
