2009 3218
401 250 449 292 18
1110 246 1202 283 lauti
1593 244 1645 290 Π,
1674 247 1701 289 1,
1727 245 1829 290 2-2,
1855 246 1876 280 2

394 374 663 427 Quamquam
688 386 764 425 ego
790 373 934 414 uinum
961 372 1075 421 bibo,
1108 376 1154 413 at
1180 370 1386 413 mandata
1410 384 1493 411 non
1517 371 1724 412 consueui
1749 370 1877 411 simul

1336 442 1486 483 bibere
1517 455 1614 482 una.

393 515 461 557 Me
508 515 679 568 quidem
727 515 814 557 iam
857 515 962 556 satis
1002 514 1082 556 tibi
1128 517 1368 567 spectatam
1414 511 1640 554 censebam
1685 527 1782 554 esse
1835 517 1878 554 et

1335 598 1454 626 meos
1486 598 1646 636 mores;

393 654 504 696 Nam
535 656 734 710 equidem
765 662 808 700 te
839 658 924 699 iam
955 661 1096 699 sector
1127 658 1327 711 quintum
1357 656 1471 698 hunc
1501 671 1681 707 annum,
1719 670 1803 710 quo
1834 657 1877 698 in

1337 733 1543 782 tempore,
1575 728 1717 778 oredo,

394 798 497 841 Ouis
527 799 563 841 si
592 800 636 841 in
666 799 816 842 ludum
845 801 939 852 iret,
980 801 1195 854 potuisset
1224 801 1309 841 iam
1340 799 1433 841 fieri
1465 805 1512 841 ut
1543 799 1676 854 probe
1707 799 1877 841 litteras

1339 872 1481 922 sciret,

395 941 532 992 Quom
558 943 730 985 interim
756 947 802 985 tu
830 958 970 985 meum
994 945 1210 996 ingenium
1236 943 1332 985 fans
1363 947 1493 997 atque
1516 943 1658 985 infans
1675 957 1760 984 non
1778 942 1878 984 dum

1338 1015 1468 1056 etiam
1501 1013 1731 1056 edidicisti.
1814 1026 1878 1059 175

394 1086 521 1128 Potin
553 1091 602 1128 ut
633 1087 816 1128 taceas?
848 1088 968 1140 potin
1002 1101 1053 1128 ne
1086 1086 1292 1128 moneas?

393 1158 568 1200 Memini
599 1164 641 1200 et
671 1159 758 1200 scio
792 1163 835 1200 et
866 1158 1002 1200 calleo
1034 1163 1078 1201 et
1109 1158 1390 1200 commemini.

393 1231 523 1272 Amas
554 1231 636 1285 pol,
668 1231 845 1282 misera;
876 1230 920 1272 id
952 1235 1053 1271 tuus
1086 1233 1226 1271 scatet
1256 1230 1436 1271 animus.

393 1303 498 1355 Ego,
531 1290 643 1344 istuc
675 1303 896 1357 placidum
926 1302 1008 1344 tibi
1039 1305 1087 1343 ut
1118 1303 1188 1354 sit,
1220 1300 1390 1343 faciam.

395 1374 547 1428 [Miser
578 1380 655 1424 est,
689 1376 762 1428 qui
795 1378 924 1416 amat.
986 1373 1112 1415 Certo
1143 1374 1178 1414 is
1209 1373 1381 1426 quidem
1412 1373 1536 1414 nihili
1567 1378 1645 1425 est,
1816 1386 1879 1420 180

396 1447 478 1497 Qui
510 1447 615 1488 nihil
647 1451 784 1498 amat3
817 1446 918 1500 quid
953 1447 989 1487 ei
1022 1445 1183 1487 homini
1215 1459 1322 1499 opus
1353 1445 1445 1486 uita
1476 1443 1589 1498 est?]

392 1518 460 1561 Ire
493 1519 615 1560 decet
646 1533 736 1569 me,
782 1523 830 1560 ut
868 1532 967 1559 erae
1001 1517 1241 1572 obsequens
1278 1516 1401 1567 fiam;
1446 1516 1586 1558 libera
1625 1531 1718 1558 mea
1749 1532 1879 1572 opera

1339 1589 1457 1630 ocius
1489 1593 1537 1630 ut
1568 1589 1635 1630 sit.

392 1661 657 1705 Conueniam
687 1663 801 1704 hunc
831 1661 1048 1712 Toxilum3
1090 1661 1180 1702 eius
1211 1661 1341 1710 auris,
1382 1674 1495 1714 quae
1526 1660 1735 1702 mandata
1764 1667 1875 1712 sunt,

1338 1731 1540 1774 onerabo.

575 1915 820 1958 TOXILUS
880 1914 1177 1957 PAEGNIUM
1238 1912 1693 1956 SOPHOCLIDISCA.

1027 2034 1246 2075 Toxilus

393 2109 513 2151 Satin
544 2108 652 2150 haec
682 2108 762 2149 tibi
795 2112 896 2149 sunt
927 2106 1054 2160 plana
1085 2111 1127 2147 et
1159 2106 1307 2147 certa?
1355 2097 1468 2147 ‘satin
1508 2105 1613 2147 haec
1643 2105 1875 2147 meministi

1335 2181 1378 2219 et
1408 2178 1560 2219 tenes?

998 2247 1286 2303 Paeym'um'

392 2323 560 2373 Melius,
593 2336 721 2377 quam
751 2327 810 2374 tn,
843 2324 915 2376 qui
948 2322 1144 2363 docuisti.

506 2482 566 2514 171
595 2481 639 2514 ad
654 2480 723 2515 BC
808 2480 933 2514 consui
949 2480 983 2513 B
1072 2480 1132 2512 171
1161 2491 1211 2523 sq.
1227 2491 1336 2513 unam
1351 2479 1518 2524 equidem
1534 2479 1600 2514 BC
1675 2480 1738 2513 172
1762 2479 1798 2513 bi
1813 2478 1881 2514 BG

392 2549 603 2573 censueram
631 2537 698 2572 BC
774 2538 835 2571 173
860 2537 931 2570 iam
957 2540 993 2570 te
1019 2536 1051 2569 A
1122 2548 1231 2579 quom
1257 2536 1302 2578 B,
1330 2548 1411 2570 cum
1438 2536 1503 2570 AO
1573 2536 1723 2570 interim
1748 2536 1793 2577 A,
1818 2536 1873 2569 iu-

391 2596 520 2629 teriam
546 2594 614 2628 BC
701 2596 764 2627 174
791 2593 873 2627 Cuis
898 2593 942 2635 B,
969 2593 1071 2626 cuius
1101 2592 1137 2634 C,
1167 2592 1244 2636 Qui.
1271 2594 1304 2626 A
1392 2595 1452 2627 175
1477 2593 1623 2627 interim
1652 2604 1733 2626 eum
1760 2592 1788 2627 C

392 2652 577 2694 ingenium
594 2650 673 2684 fans
689 2662 760 2684 non
776 2650 832 2684 edi
850 2649 970 2683 dicisti
988 2653 1095 2693 atque
1109 2649 1230 2682 infans
1241 2649 1309 2684 BG
1355 2650 1526 2683 176—-181
1544 2649 1660 2684 tribus
1673 2648 1877 2684 versibusB

395 2709 455 2742 177
484 2708 597 2742 callva
622 2707 656 2741 Β
777 2709 836 2740 179
863 2708 955 2740 istuc
983 2707 1133 2750 pelagus
1160 2706 1223 2739 tibi
1252 2706 1282 2739 A
1403 2708 1466 2739 160
1492 2710 1599 2739 amat.
1628 2706 1687 2738 So.
1714 2709 1815 2739 certo
1840 2704 1875 2738 B

471 2765 559 2798 nihil
588 2768 642 2797 est
656 2763 722 2797 BG
792 2766 854 2797 182
881 2775 940 2796 cre
956 2763 1022 2796 BG
1088 2762 1198 2795 filiam
1216 2762 1243 2796 G
1313 2774 1390 2796 mea
1417 2773 1481 2797 oms.
1501 2763 1531 2795 A
1621 2764 1682 2796 183
1710 2761 1874 2795 auroisA

461 2821 620 2856 Ticidam
645 2832 708 2855 om.
734 2820 801 2853 BG
897 2822 955 2853 184
984 2819 1113 2862 planae
1138 2819 1184 2861 B,
1210 2820 1317 2863 plane
1345 2819 1374 2853 Ο
1474 2820 1534 2853 185
1561 2824 1600 2852 tu
1627 2829 1692 2853 om.
1718 2818 1787 2853 BG
