2009 3218
396 230 474 268 110
1072 227 1192 261 Plauti
1613 226 1663 270 11,
1687 228 1717 270 3,
1742 227 1876 273 61-‚77
1941 222 1944 227 ·

393 350 617 393 Conclusit
647 351 738 405 ipse
770 351 815 392 in
845 351 1054 403 nidulum,
1086 366 1140 394 ne
1171 353 1297 407 copia
1329 356 1447 394 esset
1478 352 1585 402 eius,

392 423 471 473 Qui
504 437 606 464 suos
639 424 833 476 parentis
865 428 1074 465 nosceret.

994 503 1272 544 Trachalio

1127 574 1160 615 O
1193 575 1359 617 facinus
1391 575 1653 628 inpudicum.
1812 587 1878 620 390

393 647 530 697 Quam
562 645 743 687 liberam
775 660 865 687 esse
898 651 1113 699 oporteat,
1147 647 1310 688 seruire
1341 646 1576 700 postulare.

990 727 1285 778 Ampelisca

394 798 516 839 Nunc
548 811 642 839 eum
677 811 772 839 cum
803 798 905 839 naui
937 798 1102 839 scilicet
1134 797 1276 839 abisse
1307 811 1481 851 pessum
1513 798 1557 838 in
1588 797 1736 838 altum.

400 869 453 911 Et
485 883 637 910 aurum
670 873 712 911 et
744 874 969 922 argentum
1001 868 1083 911 fuit
1114 869 1281 911 lenonis
1312 883 1436 911 omne
1467 868 1638 910 ibidem.

997 963 1276 1005 Trachalio

395 1034 533 1077 Credo
564 1035 752 1090 aliquem
782 1036 1030 1077 inmersisse
1062 1039 1194 1090 atque
1226 1049 1322 1077 eum
1355 1036 1584 1089 excepisse.

989 1130 1292 1182 Ampelisca

1391 1202 1439 1243 Id
1471 1203 1630 1245 misera
1660 1206 1881 1254 maestast,

396 1260 487 1303 Sibi
517 1274 664 1302 eorum
697 1260 893 1301 euenisse
923 1260 1123 1312 inopiam.

1000 1350 1286 1392 Trachalio

1052 1422 1143 1463 Iam
1174 1423 1285 1464 istoc
1317 1423 1452 1476 magis
1483 1437 1587 1464 usus
1618 1422 1791 1473 factost,
1816 1433 1883 1467 395

396 1496 452 1538 Ut
484 1509 577 1537 eam
608 1496 722 1537 intro
754 1495 1037 1548 consolerque
1069 1508 1175 1545 eam,
1206 1508 1258 1535 ne
1291 1495 1353 1536 sic
1384 1509 1428 1536 se
1460 1495 1677 1536 excruciet
1707 1495 1858 1546 animi3

395 1568 506 1610 Nam
538 1567 671 1610 multa
701 1571 876 1622 praeter
908 1580 1028 1620 spem
1057 1567 1146 1608 scio
1179 1567 1325 1608 multis
1359 1566 1471 1608 bona
1503 1568 1711 1609 euenisse.

988 1658 1289 1709 Ampelisca

399 1732 453 1773 At
483 1745 562 1784 ego
595 1731 737 1781 etiam,
770 1731 843 1783 qui
875 1730 1160 1783 sperauerint,
1193 1744 1314 1784 spem
1346 1730 1566 1784 decepisse
1597 1730 1767 1772 multos.

1002 1822 1278 1863 Trachalio

398 1895 511 1947 Ergo
544 1895 711 1936 animus
743 1908 904 1948 aequos
937 1898 1162 1948 optumum
1195 1898 1261 1936 est
1291 1908 1522 1937 aerumnae
1547 1894 1880 1937 condimentum.

399 1967 487 2021 Ego
521 1981 570 2008 eo
602 1967 730 2017 intro,
763 1967 846 2008 nisi
879 1966 984 2020 quid
1016 1967 1094 2008 uis.

988 2046 1289 2098 Ampelisca

998 2118 1092 2160 Eas.
1158 2118 1247 2172 Ego
1279 2119 1395 2173 quod
1428 2118 1532 2159 mihi
1563 2118 1794 2171 imperauit
1816 2129 1883 2162 400

397 2191 625 2241 Sacerdos,
657 2190 701 2231 id
726 2190 879 2231 faciam
906 2194 1037 2243 atquc
1070 2204 1228 2244 aquam
1260 2190 1358 2232 hinc
1389 2190 1440 2231 de
1473 2203 1680 2243 proxumo
1706 2189 1882 2243 rogabo.

398 2264 505 2305 Nam
537 2262 764 2316 extemplo,
797 2263 831 2303 si
863 2261 1008 2304 uerbis
1042 2264 1131 2303 suis
1165 2267 1369 2316 peterem,
1401 2262 1578 2304 daturos
1611 2261 1732 2303 dixit.

398 2335 547 2388 Neque
580 2334 815 2387 digniorem
850 2348 1004 2375 censeo
1037 2335 1201 2376 uidisse
1234 2349 1359 2377 anum
1393 2348 1458 2375 me
1490 2347 1761 2387 quemquam,

400 2407 510 2457 Quoi
535 2406 639 2448 deos
665 2410 795 2459 atque
820 2406 1011 2447 homines
1037 2420 1234 2448 censeam
1259 2407 1367 2448 bene
1391 2406 1533 2447 facere
1559 2406 1694 2458 magis
1719 2405 1882 2447 decere.

400 2479 457 2521 Ut
481 2478 636 2532 lepide,
661 2482 708 2519 ut
733 2478 982 2528 liberaliter,
1009 2484 1055 2520 ut
1081 2478 1262 2520 honeste
1289 2482 1419 2532 atque
1445 2477 1559 2518 haud
1583 2482 1764 2531 grauate
1817 2487 1884 2521 405

512 2638 578 2671 389
605 2648 648 2670 ne
675 2635 806 2680 opiaB
877 2638 943 2670 392
968 2648 1046 2670 eam
1126 2637 1256 2671 abiisse
1272 2636 1302 2672 C
1367 2637 1434 2670 393
1458 2647 1566 2670 omne
1590 2645 1653 2670 om.
1670 2634 1699 2669 C
1763 2635 1830 2669 394
1854 2634 1884 2668 it

400 2695 464 2728 395
491 2694 634 2727 uenisse
663 2692 691 2727 C
774 2694 838 2726 396
863 2692 915 2726 Ne
941 2705 1020 2726 eam
1103 2705 1140 2727 se
1166 2694 1217 2727 sic
1301 2694 1364 2727 397
1390 2693 1499 2727 bonae
1526 2692 1672 2726 uenisse
1696 2691 1731 2725 B
1817 2691 1880 2724 401

401 2752 429 2785 it
453 2750 488 2785 B
593 2751 658 2783 402
680 2749 758 2782 siue
786 2750 907 2783 uerbis
1025 2751 1090 2783 403
1118 2750 1265 2793 dignior
1290 2756 1308 2785 e
1333 2749 1368 2783 B
1472 2751 1538 2784 405
1564 2749 1742 2784 honestae
1770 2747 1799 2783 C'

401 2811 566 2852 grauatae
591 2806 627 2840 Β
