2009 3218
842 209 883 244 V.
908 211 1053 246 63—89.
1610 216 1687 255 421

206 339 336 378 lielmo
374 342 413 376 et
444 339 642 377 Gronovio
680 339 862 390 praetoris
903 338 1033 376 album
1073 340 1316 388 intelligens,
1364 342 1402 380 in
1443 354 1519 391 quo
1552 342 1689 389 edicta,

205 409 386 454 actiones,
419 406 630 445 interdicta
654 407 858 457 proposita
880 406 1136 455 habebantur,
1169 409 1255 446 coll.
1280 408 1366 448 Gai.
1394 410 1456 458 IV,
1481 411 1554 448 46:
1591 411 1690 457 „sor-

204 476 316 514 muloe
347 475 386 512 in
417 475 505 513 albo
535 472 851 526 proponuntur“.
926 475 1057 522 Quint.
1090 475 1185 523 XII,
1230 478 1265 523 3,
1313 479 1380 516 ll:
1433 478 1523 524 „alii
1561 491 1602 516 se
1641 478 1691 516 ad

203 544 332 583 album
365 546 404 581 et
434 542 610 581 rubricas
639 543 930 582 transtulerunt
960 546 1000 580 et
1030 543 1245 581 formularii
1276 545 1348 591 vel,
1381 548 1425 583 ut
1456 544 1589 583 Cicero
1621 546 1688 593 ait,

202 611 358 660 leguleii
388 611 544 661 quidam
576 625 657 649 esse
697 609 958 650 maluerunt“.
1031 611 1164 650 Senec.
1198 612 1271 662 Ep.
1305 614 1370 660 48,
1409 615 1478 651 10:
1529 616 1690 664 „turpes

200 680 440 729 infamesque
471 680 589 717 etiam
621 679 670 716 ad
701 679 830 717 album
862 679 1090 718 sedentibus
1121 679 1413 730 exceptiones“.
1432 701 1479 706 —
1510 683 1572 719 78.
1606 678 1688 720 Re-

201 744 354 798 liquias
391 760 494 785 cenae
533 748 722 788 hesternae
763 746 814 795 (v.
852 746 946 797 117)
989 749 1107 786 etiam
1144 761 1244 786 nunc
1282 749 1356 786 sibi
1398 753 1572 788 servatas
1605 764 1689 789 esse

199 820 342 868 sperat.
403 816 478 855 Eas
510 829 549 853 se
580 817 753 854 visurum
785 816 881 854 dicit
905 816 1031 854 faceta
1053 829 1146 854 usus
1171 819 1474 866 comparatione,
1506 821 1550 856 ut
1573 818 1688 858 homo

200 887 359 933 visitur,
400 884 502 935 apud
535 897 648 935 quem
680 885 843 922 clientes
877 886 1130 935 „priusquam
1163 885 1287 932 lucet,
1321 885 1483 933 adsunt,
1516 887 1690 935 rogitant

199 957 317 992 noctu
347 956 391 991 ut
422 966 595 991 somnum
628 950 817 1003 ceperit“,
848 957 893 991 ut
924 967 971 991 ex
994 953 1077 991 Mil.
1110 953 1187 990 710
1215 952 1446 993 Gronovius.
1506 954 1552 992 Id
1584 956 1687 993 enim

199 1025 258 1060 est
286 1035 322 1060 v.
356 1022 406 1059 79
443 1017 736 1070 Quieuerintne
766 1021 871 1060 recte
900 1032 1044 1070 necne,
1085 1021 1146 1060 vel
1181 1017 1439 1071 Quierintne,
1478 1026 1523 1060 ut
1562 1023 1688 1061 voluit

199 1090 393 1141 Hauptius
425 1090 495 1140 Op.
532 1089 589 1127 III
619 1103 656 1140 p.
693 1091 786 1128 375.
857 1089 952 1128 Duae
990 1091 1126 1140 primae
1156 1089 1315 1139 syllabae
1346 1091 1385 1128 in
1417 1104 1531 1129 unam
1563 1092 1688 1130 coale-

197 1162 327 1207 scunt,
367 1173 403 1197 v.
429 1157 617 1196 Fleckeis.
649 1158 748 1196 Ann.
776 1157 872 1208 phil.
908 1158 956 1196 CI
986 1171 1025 1208 p.
1053 1159 1117 1196 74.
1186 1158 1305 1197 Merc.
1335 1159 1437 1206 440,
1478 1160 1555 1197 nisi
1585 1159 1688 1197 forte

200 1224 418 1278 „quierint“
452 1226 672 1276 legendum.
733 1225 827 1263 Mox
855 1222 983 1274 fuerit
1013 1227 1164 1277 scripsi,
1197 1227 1222 1264 i.
1255 1240 1286 1264 e.
1318 1227 1507 1275 adfuerit3
1541 1227 1686 1278 Haupt.

201 1292 389 1343 „afuerit“
432 1295 577 1341 voluit,
625 1294 672 1332 cf.
706 1293 817 1333 Curc.
856 1297 925 1333 17:
977 1297 1180 1342 „caruitne
1225 1295 1345 1333 febris
1384 1294 1476 1333 te?“
1524 1315 1569 1321 —
1621 1296 1685 1333 80.

200 1359 424 1413 Opertaene
453 1361 633 1412 Pylades.
699 1362 899 1413 Reliquias
931 1364 1005 1403 nisi
1038 1367 1184 1414 opertae
1215 1364 1277 1401 vel
1308 1363 1474 1402 conditae
1506 1363 1685 1411 fuissent,

194 1435 310 1483 putat
339 1431 509 1481 aliquem
542 1432 731 1481 rapuisse.
763 1452 818 1457 —
847 1443 910 1479 ne,
942 1445 978 1469 v.
1011 1431 1061 1469 ad
1094 1432 1185 1470 318.

307 1501 371 1538 82.
403 1499 565 1538 Toxilus
596 1501 688 1547 exit,
722 1504 942 1550 postquam,
974 1504 1018 1538 ut
1048 1515 1083 1539 v.
1118 1501 1166 1537 53
1201 1500 1376 1549 dixerat,
1418 1500 1550 1538 lenoni
1582 1513 1685 1550 mag-

193 1582 284 1608 num
315 1569 457 1606 malum
497 1569 665 1606 excoxit.
712 1588 759 1593 —
799 1578 874 1606 sua
914 1563 1014 1618 sibi,
1060 1582 1095 1606 v.
1128 1567 1176 1605 ad
1215 1567 1358 1618 Amph.
1392 1569 1484 1606 265.
1524 1588 1579 1593 —
1619 1570 1685 1607 85.

193 1633 372 1676 alliciam
411 1633 545 1674 uirum
589 1636 736 1674 Camer.
782 1656 829 1662 —
876 1638 939 1674 86.
989 1637 1080 1674 Haec
1119 1637 1318 1675 conservis
1356 1637 1462 1674 intra
1501 1636 1603 1674 aedes
1644 1650 1685 1675 se

191 1705 317 1744 dicere
347 1705 534 1744 simulans
566 1718 704 1755 magna
734 1718 828 1743 voce
859 1705 1048 1755 loquitur,
1090 1709 1134 1743 ut
1165 1705 1375 1743 adveniens
1402 1704 1538 1742 audiat
1569 1718 1684 1755 para-

191 1775 300 1812 situs.
361 1769 473 1811 ocius
504 1772 652 1812 Camer.
684 1776 729 1811 ut
761 1773 871 1811 Cure.
906 1775 998 1812 276.
1033 1794 1085 1799 —
1119 1774 1183 1811 88.
1221 1769 1410 1811 DIquum
1440 1771 1525 1811 fieri
1557 1774 1680 1821 iubet,

192 1843 216 1880 i.
249 1856 280 1881 e.
320 1845 489 1880 mustum
532 1842 646 1879 melle
687 1843 863 1880 mixtum.
948 1843 1031 1881 Hoc
1075 1843 1193 1879 etiam
1240 1842 1326 1880 aliis
1371 1841 1489 1879 rebus
1536 1841 1681 1880 additis

195 1911 345 1949 condiri
376 1910 472 1955 vult,
504 1907 726 1960 strutheis„
769 1912 794 1947 i.
826 1924 858 1949 e.
891 1910 1084 1960 Cydoneis
1115 1910 1246 1957 malis,
1280 1922 1367 1959 quae
1399 1910 1614 1948 Columella
1643 1911 1683 1948 in

192 1979 323 2018 eadem
355 1992 396 2016 re
427 1982 706 2016 commemorat
736 1978 822 2026 XII,
860 1980 929 2016 19:
981 1979 1085 2026 „sive
1117 1978 1219 2015 mala
1250 1977 1438 2026 Cydonia,
1472 1990 1559 2028 quae
1590 1991 1681 2028 per-

193 2050 302 2086 cocta
331 2046 556 2085 sublaturus
587 2047 650 2094 sit,
682 2060 748 2085 seu
773 2060 1027 2097 quoscunque
1053 2047 1220 2085 voluerit
1245 2046 1521 2084 convenienter
1544 2047 1683 2085 odores

192 2112 388 2162 adiiciat“,
421 2118 461 2152 et
490 2111 671 2162 coluteis,
705 2115 728 2151 i.
748 2128 780 2152 e.
806 2115 998 2153 fructibus
1023 2117 1105 2153 sive
1129 2115 1283 2165 siliquis
1316 2114 1480 2152 coluteae
1512 2115 1679 2162 arboris,

190 2197 305 2234 quam
335 2182 649 2233 Theophrastus,
683 2183 781 2220 Hist.
815 2183 938 2232 plant.
971 2183 1046 2229 ΙΙΙ,
1084 2184 1145 2228 17,
1179 2184 1202 2220 2
1235 2186 1530 2221 commemorat:
1569 2183 1680 2220 ’Ἱδιον

191 2267 221 2289 τι
251 2253 308 2288 καὶ
341 2252 357 2297 ἦ
389 2253 553 2288 κολουῐὲα
585 2252 666 2301 περὶ
691 2252 870 2300 Λιπάραν,
901 2251 1043 2301 δένδρον
1072 2254 1136 2299 μὲν
1163 2251 1366 2301 εὐμέγεθες,
1397 2252 1455 2287 τὸν
1481 2251 1516 2287 δὲ
1540 2253 1679 2301 καρπὸν

191 2322 285 2370 φέρει
317 2324 352 2356 ἐν
383 2320 498 2367 λοβοῖς
539 2319 654 2364 ἡλίκον
693 2320 816 2365 φακόν.
887 2318 1139 2369 Significatur
1177 2319 1322 2370 siliqua
1362 2318 1515 2367 Graeca,
1562 2333 1677 2370 quam

190 2388 279 2426 Itali
310 2387 425 2426 hodie
457 2387 642 2425 carubam
675 2387 822 2425 dicunt.
885 2384 1039 2425 colutea
1070 2387 1139 2434 R.;
1171 2387 1360 2426 edebatur
1395 2386 1674 2438 „coluteaque“

189 2460 326 2495 contra
354 2469 522 2495 versum.
555 2475 608 2480 —
642 2457 707 2494 89.
738 2453 782 2493 in
811 2452 966 2493 scutris
996 2455 1160 2503 Camer„
1192 2471 1227 2495 v.
1253 2451 1337 2494 Cat.
1356 2455 1401 2493 R.
1419 2455 1464 2494 R.
1490 2457 1579 2503 157,
1609 2457 1677 2515 113

191 2520 427 2562 concalcant
442 2523 662 2570 Acidalius3
694 2520 820 2561 ἐπόθεε
851 2523 910 2561 ed.
929 2537 988 2574 pr.
1004 2542 1060 2548 —
1075 2523 1246 2560 Plinium
1264 2522 1365 2562 Hist.
1383 2526 1462 2562 nat.
1486 2523 1589 2571 XIV,
1624 2525 1675 2562 92

191 2591 304 2630 huius
334 2593 409 2630 loci
442 2591 574 2642 aliqua
604 2592 792 2630 memoria
829 2592 1034 2642 tetigerat:
1085 2590 1348 2639 „Lautissima
1384 2591 1491 2642 apud
1527 2592 1676 2642 priscos

193 2659 281 2697 vina
311 2664 426 2696 erant
455 2672 596 2698 murrae
635 2659 754 2698 odore
787 2659 964 2708 condita,
1006 2663 1051 2697 ut
1090 2663 1255 2709 apparet
1292 2661 1331 2698 in
1364 2659 1494 2698 Plauti
1531 2659 1676 2708 fabula,

193 2739 276 2777 quae
308 2727 430 2765 Persa
459 2727 699 2776 inscribitur,
732 2740 967 2778 quamquam
999 2727 1039 2764 in
1064 2739 1110 2764 ea
1133 2730 1173 2765 et
1197 2728 1388 2766 calamum
1413 2726 1506 2764 addi
1527 2726 1674 2765 iubet“.

193 2793 268 2832 Sed
310 2807 387 2833 non
432 2807 508 2832 uno
548 2795 666 2833 modo
705 2800 823 2833 errat.
892 2794 972 2833 Nec
1009 2796 1111 2832 enim
1141 2794 1303 2834 Plautus
1333 2796 1487 2843 vinum,
1533 2794 1674 2833 nedum
