<?xml version="1.0" encoding="UTF-8"?>
<!DOCTYPE html PUBLIC "-//W3C//DTD XHTML 1.0 Transitional//EN"
    "http://www.w3.org/TR/xhtml1/DTD/xhtml1-transitional.dtd">
<html xmlns="http://www.w3.org/1999/xhtml" xml:lang="en" lang="en">
 <head>
  <title>
</title>
<meta http-equiv="Content-Type" content="text/html;charset=utf-8" />
  <meta name='ocr-system' content='tesseract 3.04.00' />
  <meta name='ocr-capabilities' content='ocr_page ocr_carea ocr_par ocr_line ocrx_word'/>
</head>
<body>
  <div class='ocr_page' id='page_1' title='image "./comoediaerecensu05plauuoft_0109.png"; bbox 0 0 2009 3218; ppageno 0'>
   <div class='ocr_carea' id='block_1_1' title="bbox 102 174 1588 235">
    <p class='ocr_par' dir='ltr' id='par_1_1' title="bbox 102 174 1588 235">
     <span class='ocr_line' id='line_1_1' title="bbox 102 174 1588 235; baseline 0.003 -11"><span class='ocrx_word' id='word_1_1' title='bbox 102 189 131 232; x_wconf 90' lang='lat' dir='ltr'>I,</span> <span class='ocrx_word' id='word_1_2' title='bbox 161 191 189 232; x_wconf 83' lang='lat'>1,</span> <span class='ocrx_word' id='word_1_3' title='bbox 214 191 316 231; x_wconf 82' lang='lat'><strong>7—2‚</strong></span> <span class='ocrx_word' id='word_1_4' title='bbox 341 194 363 223; x_wconf 82' lang='grc'><strong>9</strong></span> <span class='ocrx_word' id='word_1_5' title='bbox 421 174 423 176; x_wconf 89' lang='lat'><em>.</em></span> <span class='ocrx_word' id='word_1_6' title='bbox 766 191 926 227; x_wconf 61' lang='lat' dir='ltr'>studens.</span> <span class='ocrx_word' id='word_1_7' title='bbox 1513 197 1588 235; x_wconf 87' lang='lat'>103</span> 
     </span>
    </p>
   </div>
   <div class='ocr_carea' id='block_1_2' title="bbox 93 315 1588 1083">
    <p class='ocr_par' dir='ltr' id='par_1_2' title="bbox 97 315 1588 514">
     <span class='ocr_line' id='line_1_2' title="bbox 98 315 1588 370; baseline 0.002 -13"><span class='ocrx_word' id='word_1_8' title='bbox 98 315 180 357; x_wconf 90' lang='lat' dir='ltr'>Pro</span> <span class='ocrx_word' id='word_1_9' title='bbox 212 317 403 357; x_wconf 82' lang='lat' dir='ltr'>exercitu</span> <span class='ocrx_word' id='word_1_10' title='bbox 437 317 704 370; x_wconf 70' lang='lat' dir='ltr'>gymnastico</span> <span class='ocrx_word' id='word_1_11' title='bbox 737 322 778 357; x_wconf 71' lang='lat' dir='ltr'>ct</span> <span class='ocrx_word' id='word_1_12' title='bbox 812 316 1066 369; x_wconf 70' lang='lat' dir='ltr'>palaestrico</span> <span class='ocrx_word' id='word_1_13' title='bbox 1099 317 1179 359; x_wconf 88' lang='lat' dir='ltr'>hoc</span> <span class='ocrx_word' id='word_1_14' title='bbox 1211 317 1442 360; x_wconf 87' lang='lat' dir='ltr'>habemus:</span> <span class='ocrx_word' id='word_1_15' title='bbox 1523 332 1588 365; x_wconf 86' lang='lat'>295</span> 
     </span>
     <span class='ocr_line' id='line_1_3' title="bbox 97 386 1451 443; baseline 0.004 -14"><span class='ocrx_word' id='word_1_16' title='bbox 97 386 296 436; x_wconf 81' lang='lat' dir='ltr'>Echinos,</span> <span class='ocrx_word' id='word_1_17' title='bbox 328 387 523 441; x_wconf 87' lang='lat' dir='ltr'>lopadas‚</span> <span class='ocrx_word' id='word_1_18' title='bbox 555 393 736 437; x_wconf 81' lang='lat' dir='ltr'>ostreas,</span> <span class='ocrx_word' id='word_1_19' title='bbox 768 388 947 430; x_wconf 83' lang='lat' dir='ltr'>balanos</span> <span class='ocrx_word' id='word_1_20' title='bbox 978 393 1216 442; x_wconf 66' lang='lat' dir='ltr'>captamrm,</span> <span class='ocrx_word' id='word_1_21' title='bbox 1249 391 1451 443; x_wconf 84' lang='lat' dir='ltr'>conchas,</span> 
     </span>
     <span class='ocr_line' id='line_1_4' title="bbox 97 459 1286 514; baseline 0 -11"><span class='ocrx_word' id='word_1_22' title='bbox 97 459 308 503; x_wconf 87' lang='lat' dir='ltr'>Marinam</span> <span class='ocrx_word' id='word_1_23' title='bbox 341 460 538 510; x_wconf 80' lang='lat' dir='ltr'>urticam,</span> <span class='ocrx_word' id='word_1_24' title='bbox 571 460 802 508; x_wconf 76' lang='lat' dir='ltr'>musculos,</span> <span class='ocrx_word' id='word_1_25' title='bbox 835 459 1057 514; x_wconf 84' lang='lat' dir='ltr'><strong>plagusias</strong></span> <span class='ocrx_word' id='word_1_26' title='bbox 1090 462 1286 514; x_wconf 81' lang='lat' dir='ltr'>striatas3</span> 
     </span>
    </p>

    <p class='ocr_par' dir='ltr' id='par_1_3' title="bbox 97 531 1463 658">
     <span class='ocr_line' id='line_1_5' title="bbox 97 531 1463 587; baseline 0.002 -13"><span class='ocrx_word' id='word_1_27' title='bbox 97 532 200 574; x_wconf 84' lang='lat' dir='ltr'>Post</span> <span class='ocrx_word' id='word_1_28' title='bbox 227 531 272 573; x_wconf 87' lang='lat' dir='ltr'>id</span> <span class='ocrx_word' id='word_1_29' title='bbox 304 532 519 586; x_wconf 81' lang='lat' dir='ltr'>piscatum</span> <span class='ocrx_word' id='word_1_30' title='bbox 553 531 803 574; x_wconf 84' lang='lat' dir='ltr'>hamatilem</span> <span class='ocrx_word' id='word_1_31' title='bbox 836 536 880 573; x_wconf 88' lang='lat' dir='ltr'>et</span> <span class='ocrx_word' id='word_1_32' title='bbox 910 532 1138 574; x_wconf 80' lang='lat' dir='ltr'>saxatilem</span> <span class='ocrx_word' id='word_1_33' title='bbox 1171 533 1463 587; x_wconf 82' lang='lat' dir='ltr'>adgredimur.</span> 
     </span>
     <span class='ocr_line' id='line_1_6' title="bbox 98 603 1301 658; baseline 0.001 -12"><span class='ocrx_word' id='word_1_34' title='bbox 98 603 250 646; x_wconf 89' lang='lat' dir='ltr'>Cibum</span> <span class='ocrx_word' id='word_1_35' title='bbox 283 608 508 658; x_wconf 83' lang='lat' dir='ltr'>captamus</span> <span class='ocrx_word' id='word_1_36' title='bbox 541 618 562 646; x_wconf 91' lang='lat' dir='ltr'>e</span> <span class='ocrx_word' id='word_1_37' title='bbox 596 605 724 655; x_wconf 82' lang='lat' dir='ltr'>mari3</span> <span class='ocrx_word' id='word_1_38' title='bbox 758 605 792 645; x_wconf 92' lang='lat' dir='ltr'>si</span> <span class='ocrx_word' id='word_1_39' title='bbox 827 608 1009 646; x_wconf 90' lang='lat' dir='ltr'>euentus</span> <span class='ocrx_word' id='word_1_40' title='bbox 1041 618 1125 646; x_wconf 87' lang='lat' dir='ltr'>non</span> <span class='ocrx_word' id='word_1_41' title='bbox 1159 606 1301 647; x_wconf 82' lang='lat' dir='ltr'>euenit</span> 
     </span>
    </p>

    <p class='ocr_par' dir='ltr' id='par_1_4' title="bbox 94 676 1588 800">
     <span class='ocr_line' id='line_1_7' title="bbox 94 676 1588 733; baseline 0.002 -15"><span class='ocrx_word' id='word_1_42' title='bbox 94 676 245 731; x_wconf 82' lang='lat' dir='ltr'>Neque</span> <span class='ocrx_word' id='word_1_43' title='bbox 263 676 496 731; x_wconf 85' lang='lat' dir='ltr'>quicquam</span> <span class='ocrx_word' id='word_1_44' title='bbox 515 682 690 731; x_wconf 87' lang='lat' dir='ltr'>captum</span> <span class='ocrx_word' id='word_1_45' title='bbox 709 681 773 718; x_wconf 80' lang='lat' dir='ltr'>est</span> <span class='ocrx_word' id='word_1_46' title='bbox 790 677 987 731; x_wconf 80' lang='lat' dir='ltr'>piscium.</span> <span class='ocrx_word' id='word_1_47' title='bbox 1014 676 1119 719; x_wconf 90' lang='lat' dir='ltr'>salsi</span> <span class='ocrx_word' id='word_1_48' title='bbox 1144 676 1341 732; x_wconf 87' lang='lat' dir='ltr'>lautique</span> <span class='ocrx_word' id='word_1_49' title='bbox 1368 693 1474 733; x_wconf 89' lang='lat' dir='ltr'>pure</span> <span class='ocrx_word' id='word_1_50' title='bbox 1521 692 1588 726; x_wconf 89' lang='lat'>300</span> 
     </span>
     <span class='ocr_line' id='line_1_8' title="bbox 94 748 1275 800; baseline 0 -9"><span class='ocrx_word' id='word_1_51' title='bbox 94 749 276 791; x_wconf 89' lang='lat' dir='ltr'>Domum</span> <span class='ocrx_word' id='word_1_52' title='bbox 308 748 497 791; x_wconf 90' lang='lat' dir='ltr'>redimus</span> <span class='ocrx_word' id='word_1_53' title='bbox 529 749 786 800; x_wconf 85' lang='lat' dir='ltr'>clanculum,</span> <span class='ocrx_word' id='word_1_54' title='bbox 820 749 1042 791; x_wconf 90' lang='lat' dir='ltr'>dorminus</span> <span class='ocrx_word' id='word_1_55' title='bbox 1074 749 1275 792; x_wconf 85' lang='lat' dir='ltr'>incenati.</span> 
     </span>
    </p>

    <p class='ocr_par' dir='ltr' id='par_1_5' title="bbox 93 820 1585 1023">
     <span class='ocr_line' id='line_1_9' title="bbox 94 820 1555 878; baseline 0.002 -16"><span class='ocrx_word' id='word_1_56' title='bbox 94 821 234 875; x_wconf 86' lang='lat' dir='ltr'>Atque</span> <span class='ocrx_word' id='word_1_57' title='bbox 265 826 314 863; x_wconf 93' lang='lat' dir='ltr'>ut</span> <span class='ocrx_word' id='word_1_58' title='bbox 344 835 454 863; x_wconf 90' lang='lat' dir='ltr'>nunc</span> <span class='ocrx_word' id='word_1_59' title='bbox 485 821 629 863; x_wconf 89' lang='lat' dir='ltr'>ualide</span> <span class='ocrx_word' id='word_1_60' title='bbox 659 820 845 863; x_wconf 89' lang='lat' dir='ltr'>fluctuat</span> <span class='ocrx_word' id='word_1_61' title='bbox 877 835 1007 872; x_wconf 88' lang='lat' dir='ltr'>mare,</span> <span class='ocrx_word' id='word_1_62' title='bbox 1040 821 1161 864; x_wconf 90' lang='lat' dir='ltr'>nulla</span> <span class='ocrx_word' id='word_1_63' title='bbox 1191 822 1316 864; x_wconf 89' lang='lat' dir='ltr'>nobis</span> <span class='ocrx_word' id='word_1_64' title='bbox 1349 837 1446 878; x_wconf 89' lang='lat' dir='ltr'>spes</span> <span class='ocrx_word' id='word_1_65' title='bbox 1479 829 1555 866; x_wconf 91' lang='lat' dir='ltr'>est.</span> 
     </span>
     <span class='ocr_line' id='line_1_10' title="bbox 93 893 1475 949; baseline 0.003 -15"><span class='ocrx_word' id='word_1_66' title='bbox 93 893 189 935; x_wconf 92' lang='lat' dir='ltr'>Nisi</span> <span class='ocrx_word' id='word_1_67' title='bbox 219 893 324 946; x_wconf 87' lang='lat' dir='ltr'>quid</span> <span class='ocrx_word' id='word_1_68' title='bbox 355 893 618 935; x_wconf 86' lang='lat' dir='ltr'>concharum</span> <span class='ocrx_word' id='word_1_69' title='bbox 650 894 879 948; x_wconf 89' lang='lat' dir='ltr'>capsimus,</span> <span class='ocrx_word' id='word_1_70' title='bbox 913 894 1055 936; x_wconf 88' lang='lat' dir='ltr'>cenati</span> <span class='ocrx_word' id='word_1_71' title='bbox 1088 908 1235 936; x_wconf 91' lang='lat' dir='ltr'>sumus</span> <span class='ocrx_word' id='word_1_72' title='bbox 1267 895 1475 949; x_wconf 86' lang='lat' dir='ltr'>profecto.</span> 
     </span>
     <span class='ocr_line' id='line_1_11' title="bbox 93 964 1585 1023; baseline 0.003 -16"><span class='ocrx_word' id='word_1_73' title='bbox 93 964 216 1007; x_wconf 82' lang='lat' dir='ltr'>Nunc</span> <span class='ocrx_word' id='word_1_74' title='bbox 247 964 459 1008; x_wconf 86' lang='lat' dir='ltr'>Uenerem</span> <span class='ocrx_word' id='word_1_75' title='bbox 491 965 603 1008; x_wconf 88' lang='lat' dir='ltr'>hanc</span> <span class='ocrx_word' id='word_1_76' title='bbox 633 980 892 1009; x_wconf 90' lang='lat' dir='ltr'>ueneremur</span> <span class='ocrx_word' id='word_1_77' title='bbox 921 966 1094 1017; x_wconf 88' lang='lat' dir='ltr'>bonam,</span> <span class='ocrx_word' id='word_1_78' title='bbox 1134 971 1183 1009; x_wconf 90' lang='lat' dir='ltr'>ut</span> <span class='ocrx_word' id='word_1_79' title='bbox 1220 981 1299 1010; x_wconf 89' lang='lat' dir='ltr'>nos</span> <span class='ocrx_word' id='word_1_80' title='bbox 1336 967 1478 1023; x_wconf 90' lang='lat' dir='ltr'>lepide</span> <span class='ocrx_word' id='word_1_81' title='bbox 1510 969 1585 1012; x_wconf 89' lang='lat' dir='ltr'>ad-</span> 
     </span>
    </p>

    <p class='ocr_par' dir='ltr' id='par_1_6' title="bbox 1042 1039 1376 1083">
     <span class='ocr_line' id='line_1_12' title="bbox 1042 1039 1376 1083; baseline 0.009 -3"><span class='ocrx_word' id='word_1_82' title='bbox 1042 1039 1204 1082; x_wconf 86' lang='lat' dir='ltr'>iuuerit</span> <span class='ocrx_word' id='word_1_83' title='bbox 1233 1039 1376 1083; x_wconf 88' lang='lat' dir='ltr'>hodie.</span> 
     </span>
    </p>
   </div>
   <div class='ocr_carea' id='block_1_3' title="bbox 437 1302 1259 1346">
    <p class='ocr_par' dir='ltr' id='par_1_7' title="bbox 437 1302 1259 1346">
     <span class='ocr_line' id='line_1_13' title="bbox 437 1302 1259 1346; baseline 0.001 -1"><span class='ocrx_word' id='word_1_84' title='bbox 437 1302 555 1345; x_wconf 74' lang='lat' dir='ltr'>TRA</span> <span class='ocrx_word' id='word_1_85' title='bbox 563 1302 800 1345; x_wconf 84' lang='lat' dir='ltr'><strong><em>CHALIO.</em></strong></span> <span class='ocrx_word' id='word_1_86' title='bbox 866 1303 1045 1346; x_wconf 80' lang='lat' dir='ltr'><strong><em>PISGA</em></strong></span> <span class='ocrx_word' id='word_1_87' title='bbox 1054 1302 1259 1346; x_wconf 80' lang='lat' dir='ltr'><strong><em>TORES.</em></strong></span> 
     </span>
    </p>
   </div>
   <div class='ocr_carea' id='block_1_4' title="bbox 90 1433 1582 2241">
    <p class='ocr_par' dir='ltr' id='par_1_8' title="bbox 90 1433 1582 1921">
     <span class='ocr_line' id='line_1_14' title="bbox 694 1433 975 1475; baseline -0.011 -1"><span class='ocrx_word' id='word_1_88' title='bbox 694 1433 975 1475; x_wconf 73' lang='lat' dir='ltr'>Trachalio</span> 
     </span>
     <span class='ocr_line' id='line_1_15' title="bbox 91 1505 1547 1560; baseline 0 -11"><span class='ocrx_word' id='word_1_89' title='bbox 91 1507 289 1549; x_wconf 86' lang='lat' dir='ltr'>Animum</span> <span class='ocrx_word' id='word_1_90' title='bbox 319 1506 557 1548; x_wconf 87' lang='lat' dir='ltr'>aduorsaui</span> <span class='ocrx_word' id='word_1_91' title='bbox 589 1505 754 1556; x_wconf 89' lang='lat' dir='ltr'>sedulo,</span> <span class='ocrx_word' id='word_1_92' title='bbox 787 1519 840 1547; x_wconf 89' lang='lat' dir='ltr'>ne</span> <span class='ocrx_word' id='word_1_93' title='bbox 873 1509 993 1546; x_wconf 89' lang='lat' dir='ltr'>eru&#39;m</span> <span class='ocrx_word' id='word_1_94' title='bbox 1025 1519 1212 1560; x_wconf 84' lang='lat' dir='ltr'>usquam</span> <span class='ocrx_word' id='word_1_95' title='bbox 1243 1507 1547 1560; x_wconf 88' lang='lat' dir='ltr'>praeterirem;</span> 
     </span>
     <span class='ocr_line' id='line_1_16' title="bbox 91 1577 1582 1632; baseline -0.001 -11"><span class='ocrx_word' id='word_1_96' title='bbox 91 1578 200 1621; x_wconf 90' lang='lat' dir='ltr'>Nam</span> <span class='ocrx_word' id='word_1_97' title='bbox 232 1592 360 1632; x_wconf 91' lang='lat' dir='ltr'>quom</span> <span class='ocrx_word' id='word_1_98' title='bbox 392 1578 520 1620; x_wconf 90' lang='lat' dir='ltr'>modo</span> <span class='ocrx_word' id='word_1_99' title='bbox 553 1577 702 1620; x_wconf 82' lang='lat' dir='ltr'>exibat</span> <span class='ocrx_word' id='word_1_100' title='bbox 731 1577 859 1627; x_wconf 75' lang='lat' dir='ltr'>foras,</span> <span class='ocrx_word' id='word_1_101' title='bbox 893 1578 948 1619; x_wconf 88' lang='lat' dir='ltr'>ad</span> <span class='ocrx_word' id='word_1_102' title='bbox 980 1582 1154 1632; x_wconf 92' lang='lat' dir='ltr'>portum</span> <span class='ocrx_word' id='word_1_103' title='bbox 1179 1592 1223 1620; x_wconf 88' lang='lat' dir='ltr'>se</span> <span class='ocrx_word' id='word_1_104' title='bbox 1249 1578 1370 1620; x_wconf 87' lang='lat' dir='ltr'>aibat</span> <span class='ocrx_word' id='word_1_105' title='bbox 1392 1580 1476 1632; x_wconf 84' lang='lat' dir='ltr'>ire3</span> <span class='ocrx_word' id='word_1_106' title='bbox 1516 1592 1582 1626; x_wconf 87' lang='lat'>306</span> 
     </span>
     <span class='ocr_line' id='line_1_17' title="bbox 91 1649 1424 1694; baseline -0.001 0"><span class='ocrx_word' id='word_1_107' title='bbox 91 1651 158 1694; x_wconf 86' lang='lat' dir='ltr'>Me</span> <span class='ocrx_word' id='word_1_108' title='bbox 189 1651 273 1694; x_wconf 90' lang='lat' dir='ltr'>huc</span> <span class='ocrx_word' id='word_1_109' title='bbox 303 1651 479 1694; x_wconf 88' lang='lat' dir='ltr'>obuiam</span> <span class='ocrx_word' id='word_1_110' title='bbox 509 1651 638 1692; x_wconf 90' lang='lat' dir='ltr'>iussit</span> <span class='ocrx_word' id='word_1_111' title='bbox 669 1650 751 1692; x_wconf 90' lang='lat' dir='ltr'>sibi</span> <span class='ocrx_word' id='word_1_112' title='bbox 782 1651 930 1692; x_wconf 88' lang='lat' dir='ltr'>uenire</span> <span class='ocrx_word' id='word_1_113' title='bbox 962 1650 1018 1692; x_wconf 88' lang='lat' dir='ltr'>ad</span> <span class='ocrx_word' id='word_1_114' title='bbox 1051 1649 1231 1692; x_wconf 90' lang='lat' dir='ltr'>Ueneris</span> <span class='ocrx_word' id='word_1_115' title='bbox 1262 1650 1424 1693; x_wconf 88' lang='lat' dir='ltr'>fanum.</span> 
     </span>
     <span class='ocr_line' id='line_1_18' title="bbox 92 1722 1516 1778; baseline -0.001 -12"><span class='ocrx_word' id='word_1_116' title='bbox 92 1722 175 1766; x_wconf 90' lang='lat' dir='ltr'>Sed</span> <span class='ocrx_word' id='word_1_117' title='bbox 207 1737 313 1778; x_wconf 90' lang='lat' dir='ltr'>quos</span> <span class='ocrx_word' id='word_1_118' title='bbox 345 1727 575 1778; x_wconf 88' lang='lat' dir='ltr'>perconter</span> <span class='ocrx_word' id='word_1_119' title='bbox 605 1723 829 1765; x_wconf 89' lang='lat' dir='ltr'>commode</span> <span class='ocrx_word' id='word_1_120' title='bbox 861 1736 985 1765; x_wconf 89' lang='lat' dir='ltr'>eccos</span> <span class='ocrx_word' id='word_1_121' title='bbox 1016 1722 1144 1765; x_wconf 87' lang='lat' dir='ltr'>uideo</span> <span class='ocrx_word' id='word_1_122' title='bbox 1176 1727 1343 1774; x_wconf 84' lang='lat' dir='ltr'>astare3</span> <span class='ocrx_word' id='word_1_123' title='bbox 1375 1723 1516 1766; x_wconf 88' lang='lat' dir='ltr'>adibo.</span> 
     </span>
     <span class='ocr_line' id='line_1_19' title="bbox 92 1793 1363 1847; baseline -0.002 -8"><span class='ocrx_word' id='word_1_124' title='bbox 92 1795 266 1839; x_wconf 87' lang='lat' dir='ltr'>Saluete</span> <span class='ocrx_word' id='word_1_125' title='bbox 295 1795 414 1838; x_wconf 88' lang='lat' dir='ltr'>fures</span> <span class='ocrx_word' id='word_1_126' title='bbox 445 1795 676 1845; x_wconf 81' lang='lat' dir='ltr'>maritumi,</span> <span class='ocrx_word' id='word_1_127' title='bbox 709 1793 935 1836; x_wconf 84' lang='lat' dir='ltr'>conchitae</span> <span class='ocrx_word' id='word_1_128' title='bbox 968 1798 1099 1847; x_wconf 88' lang='lat' dir='ltr'>atque</span> <span class='ocrx_word' id='word_1_129' title='bbox 1131 1794 1363 1846; x_wconf 84' lang='lat' dir='ltr'>hamiotae,</span> 
     </span>
     <span class='ocr_line' id='line_1_20' title="bbox 90 1865 1577 1921; baseline -0.001 -7"><span class='ocrx_word' id='word_1_130' title='bbox 90 1869 308 1914; x_wconf 78' lang='lat' dir='ltr'>Famelica</span> <span class='ocrx_word' id='word_1_131' title='bbox 338 1868 560 1910; x_wconf 87' lang='lat' dir='ltr'>hominum</span> <span class='ocrx_word' id='word_1_132' title='bbox 591 1868 724 1909; x_wconf 89' lang='lat' dir='ltr'>natio.</span> <span class='ocrx_word' id='word_1_133' title='bbox 786 1865 898 1916; x_wconf 86' lang='lat' dir='ltr'>Quid</span> <span class='ocrx_word' id='word_1_134' title='bbox 929 1866 1089 1920; x_wconf 79' lang='lat' dir='ltr'>agitis?</span> <span class='ocrx_word' id='word_1_135' title='bbox 1122 1872 1170 1908; x_wconf 91' lang='lat' dir='ltr'>ut</span> <span class='ocrx_word' id='word_1_136' title='bbox 1201 1867 1382 1921; x_wconf 83' lang='lat' dir='ltr'>peritis?</span> <span class='ocrx_word' id='word_1_137' title='bbox 1509 1879 1577 1912; x_wconf 87' lang='lat'>310</span> 
     </span>
    </p>

    <p class='ocr_par' dir='ltr' id='par_1_9' title="bbox 91 1954 1117 2085">
     <span class='ocr_line' id='line_1_21' title="bbox 686 1954 987 1996; baseline -0.003 0"><span class='ocrx_word' id='word_1_138' title='bbox 686 1954 987 1996; x_wconf 69' lang='lat' dir='ltr'>Piscatores</span> 
     </span>
     <span class='ocr_line' id='line_1_22' title="bbox 91 2027 1117 2085; baseline -0.005 -13"><span class='ocrx_word' id='word_1_139' title='bbox 91 2030 148 2073; x_wconf 93' lang='lat' dir='ltr'>Ut</span> <span class='ocrx_word' id='word_1_140' title='bbox 177 2030 440 2085; x_wconf 82' lang='lat' dir='ltr'>piscatorem</span> <span class='ocrx_word' id='word_1_141' title='bbox 474 2042 659 2082; x_wconf 90' lang='lat' dir='ltr'>aequom</span> <span class='ocrx_word' id='word_1_142' title='bbox 691 2031 770 2077; x_wconf 82' lang='lat' dir='ltr'>est,</span> <span class='ocrx_word' id='word_1_143' title='bbox 804 2027 914 2068; x_wconf 87' lang='lat' dir='ltr'>fame</span> <span class='ocrx_word' id='word_1_144' title='bbox 947 2027 1117 2080; x_wconf 85' lang='lat' dir='ltr'>sitique.</span> 
     </span>
    </p>

    <p class='ocr_par' dir='ltr' id='par_1_10' title="bbox 691 2115 969 2156">
     <span class='ocr_line' id='line_1_23' title="bbox 691 2115 969 2156; baseline -0.004 0"><span class='ocrx_word' id='word_1_145' title='bbox 691 2115 969 2156; x_wconf 69' lang='lat' dir='ltr'>Zraclzalv&#39;o</span> 
     </span>
    </p>

    <p class='ocr_par' dir='ltr' id='par_1_11' title="bbox 1020 2185 1578 2241">
     <span class='ocr_line' id='line_1_24' title="bbox 1020 2185 1578 2241; baseline 0.002 -14"><span class='ocrx_word' id='word_1_146' title='bbox 1020 2186 1210 2241; x_wconf 90' lang='lat' dir='ltr'>Ecquem</span> <span class='ocrx_word' id='word_1_147' title='bbox 1243 2185 1578 2239; x_wconf 88' lang='lat' dir='ltr'>adulescentem,</span> 
     </span>
    </p>
   </div>
   <div class='ocr_carea' id='block_1_5' title="bbox 89 2259 1476 2388">
    <p class='ocr_par' dir='ltr' id='par_1_12' title="bbox 89 2259 1476 2388">
     <span class='ocr_line' id='line_1_25' title="bbox 89 2259 1404 2310; baseline -0.003 -6"><span class='ocrx_word' id='word_1_148' title='bbox 89 2263 200 2304; x_wconf 90' lang='lat' dir='ltr'>Dum</span> <span class='ocrx_word' id='word_1_149' title='bbox 231 2261 301 2303; x_wconf 89' lang='lat' dir='ltr'>hic</span> <span class='ocrx_word' id='word_1_150' title='bbox 331 2261 500 2310; x_wconf 86' lang='lat' dir='ltr'>astatis,</span> <span class='ocrx_word' id='word_1_151' title='bbox 535 2265 713 2301; x_wconf 87' lang='lat' dir='ltr'>strenua</span> <span class='ocrx_word' id='word_1_152' title='bbox 744 2259 866 2308; x_wconf 87' lang='lat' dir='ltr'>facie,</span> <span class='ocrx_word' id='word_1_153' title='bbox 900 2259 1200 2308; x_wconf 88' lang='lat' dir='ltr'>rubicundum,</span> <span class='ocrx_word' id='word_1_154' title='bbox 1233 2259 1404 2310; x_wconf 85' lang='lat' dir='ltr'>fortem,</span> 
     </span>
     <span class='ocr_line' id='line_1_26' title="bbox 90 2331 1476 2388; baseline -0.003 -12"><span class='ocrx_word' id='word_1_155' title='bbox 90 2333 282 2384; x_wconf 75' lang='lat' dir='ltr'>Uidistis,</span> <span class='ocrx_word' id='word_1_156' title='bbox 314 2333 387 2388; x_wconf 89' lang='lat' dir='ltr'>qui</span> <span class='ocrx_word' id='word_1_157' title='bbox 419 2336 506 2374; x_wconf 89' lang='lat' dir='ltr'>tres</span> <span class='ocrx_word' id='word_1_158' title='bbox 539 2332 716 2374; x_wconf 87' lang='lat' dir='ltr'>duceret</span> <span class='ocrx_word' id='word_1_159' title='bbox 748 2331 1044 2385; x_wconf 75' lang='lat' dir='ltr'>chlamydatos</span> <span class='ocrx_word' id='word_1_160' title='bbox 1077 2345 1172 2372; x_wconf 92' lang='lat' dir='ltr'>cum</span> <span class='ocrx_word' id='word_1_161' title='bbox 1205 2331 1476 2374; x_wconf 77' lang='lat' dir='ltr'>machaeris?</span> 
     </span>
    </p>
   </div>
   <div class='ocr_carea' id='block_1_6' title="bbox 90 2437 300 2442">
    <p class='ocr_par' dir='ltr' id='par_1_13' title="bbox 90 2437 300 2442">
     <span class='ocr_line' id='line_1_27' title="bbox 90 2437 300 2442; baseline 0 0"><span class='ocrx_word' id='word_1_162' title='bbox 90 2437 300 2442; x_wconf 95' lang='lat' dir='ltr'> </span> 
     </span>
    </p>
   </div>
   <div class='ocr_carea' id='block_1_7' title="bbox 89 2488 1575 2591">
    <p class='ocr_par' dir='ltr' id='par_1_14' title="bbox 89 2488 1575 2591">
     <span class='ocr_line' id='line_1_28' title="bbox 202 2488 1575 2536; baseline -0.002 -9"><span class='ocrx_word' id='word_1_163' title='bbox 202 2493 267 2527; x_wconf 81' lang='lat'>295</span> <span class='ocrx_word' id='word_1_164' title='bbox 293 2491 532 2536; x_wconf 80' lang='lat' dir='ltr'>palestricum</span> <span class='ocrx_word' id='word_1_165' title='bbox 631 2490 697 2524; x_wconf 84' lang='lat'>296</span> <span class='ocrx_word' id='word_1_166' title='bbox 722 2489 881 2524; x_wconf 80' lang='lat' dir='ltr'>hostrias</span> <span class='ocrx_word' id='word_1_167' title='bbox 906 2489 952 2533; x_wconf 86' lang='lat' dir='ltr'>B,</span> <span class='ocrx_word' id='word_1_168' title='bbox 979 2488 1122 2524; x_wconf 81' lang='lat' dir='ltr'>Ostrias</span> <span class='ocrx_word' id='word_1_169' title='bbox 1148 2489 1177 2525; x_wconf 84' lang='lat'><em>0</em></span> <span class='ocrx_word' id='word_1_170' title='bbox 1275 2489 1408 2524; x_wconf 86' lang='lat' dir='ltr'>balano</span> <span class='ocrx_word' id='word_1_171' title='bbox 1509 2490 1575 2524; x_wconf 80' lang='grc'>298</span> 
     </span>
     <span class='ocr_line' id='line_1_29' title="bbox 89 2545 1574 2591; baseline -0.002 -7"><span class='ocrx_word' id='word_1_172' title='bbox 89 2548 316 2584; x_wconf 76' lang='lat' dir='ltr'>hamattilem</span> <span class='ocrx_word' id='word_1_173' title='bbox 342 2547 371 2582; x_wconf 84' lang='lat' dir='ltr'><strong><em>G</em></strong></span> <span class='ocrx_word' id='word_1_174' title='bbox 468 2547 680 2591; x_wconf 83' lang='lat' dir='ltr'>acgreditur</span> <span class='ocrx_word' id='word_1_175' title='bbox 704 2546 750 2589; x_wconf 93' lang='lat' dir='ltr'>B,</span> <span class='ocrx_word' id='word_1_176' title='bbox 778 2545 1004 2590; x_wconf 83' lang='lat' dir='ltr'>Adgreditur</span> <span class='ocrx_word' id='word_1_177' title='bbox 1029 2545 1058 2581; x_wconf 84' lang='lat' dir='ltr'><em>C</em></span> <span class='ocrx_word' id='word_1_178' title='bbox 1154 2548 1221 2582; x_wconf 81' lang='lat'>299</span> <span class='ocrx_word' id='word_1_179' title='bbox 1245 2546 1350 2581; x_wconf 87' lang='lat' dir='ltr'>uenit</span> <span class='ocrx_word' id='word_1_180' title='bbox 1442 2548 1508 2582; x_wconf 82' lang='lat'>302</span> <span class='ocrx_word' id='word_1_181' title='bbox 1533 2550 1574 2581; x_wconf 83' lang='lat' dir='ltr'>ut</span> 
     </span>
    </p>
   </div>
   <div class='ocr_carea' id='block_1_8' title="bbox 89 2605 1575 2775">
    <p class='ocr_par' dir='ltr' id='par_1_15' title="bbox 89 2605 1575 2775">
     <span class='ocr_line' id='line_1_30' title="bbox 89 2605 1575 2659; baseline -0.002 -6"><span class='ocrx_word' id='word_1_182' title='bbox 89 2627 155 2653; x_wconf 70' lang='lat' dir='ltr'>m.</span> <span class='ocrx_word' id='word_1_183' title='bbox 179 2616 215 2652; x_wconf 92' lang='grc' dir='ltr'><strong><em>Β</em></strong></span> <span class='ocrx_word' id='word_1_184' title='bbox 296 2617 362 2651; x_wconf 90' lang='grc'>303</span> <span class='ocrx_word' id='word_1_185' title='bbox 386 2615 597 2650; x_wconf 73' lang='lat' dir='ltr'>conclarum</span> <span class='ocrx_word' id='word_1_186' title='bbox 625 2616 653 2649; x_wconf 82' lang='lat' dir='ltr'><strong><em>C</em></strong></span> <span class='ocrx_word' id='word_1_187' title='bbox 733 2614 896 2649; x_wconf 85' lang='lat' dir='ltr'>incenati</span> <span class='ocrx_word' id='word_1_188' title='bbox 972 2616 1038 2649; x_wconf 87' lang='lat'>405</span> <span class='ocrx_word' id='word_1_189' title='bbox 1062 2615 1196 2649; x_wconf 83' lang='lat' dir='ltr'>Animo</span> <span class='ocrx_word' id='word_1_190' title='bbox 1222 2615 1258 2650; x_wconf 93' lang='grc' dir='ltr'><strong><em>Β</em></strong></span> <span class='ocrx_word' id='word_1_191' title='bbox 1339 2605 1575 2659; x_wconf 57' lang='lat' dir='ltr'>{terimusB</span> 
     </span>
     <span class='ocr_line' id='line_1_31' title="bbox 91 2670 1488 2713; baseline -0.001 -5"><span class='ocrx_word' id='word_1_192' title='bbox 91 2674 156 2708; x_wconf 73' lang='lat'>306</span> <span class='ocrx_word' id='word_1_193' title='bbox 181 2673 304 2708; x_wconf 78' lang='lat' dir='ltr'>alebat</span> <span class='ocrx_word' id='word_1_194' title='bbox 402 2674 468 2708; x_wconf 87' lang='grc'>308</span> <span class='ocrx_word' id='word_1_195' title='bbox 494 2673 641 2707; x_wconf 81' lang='lat' dir='ltr'>ecconsi</span> <span class='ocrx_word' id='word_1_196' title='bbox 667 2671 714 2713; x_wconf 90' lang='lat' dir='ltr'>B,</span> <span class='ocrx_word' id='word_1_197' title='bbox 741 2681 874 2704; x_wconf 82' lang='lat' dir='ltr'>eccons</span> <span class='ocrx_word' id='word_1_198' title='bbox 902 2670 932 2705; x_wconf 82' lang='lat' dir='ltr'><em>O</em></span> <span class='ocrx_word' id='word_1_199' title='bbox 1026 2671 1127 2706; x_wconf 85' lang='lat' dir='ltr'>adito</span> <span class='ocrx_word' id='word_1_200' title='bbox 1220 2673 1283 2706; x_wconf 86' lang='lat'>311</span> <span class='ocrx_word' id='word_1_201' title='bbox 1312 2671 1430 2706; x_wconf 85' lang='lat' dir='ltr'>famae</span> <span class='ocrx_word' id='word_1_202' title='bbox 1458 2672 1488 2707; x_wconf 82' lang='lat' dir='ltr'><strong><em>G</em></strong></span> 
     </span>
     <span class='ocr_line' id='line_1_32' title="bbox 91 2727 1572 2775; baseline -0.002 -10"><span class='ocrx_word' id='word_1_203' title='bbox 91 2730 224 2775; x_wconf 75' lang='lat' dir='ltr'>nitique</span> <span class='ocrx_word' id='word_1_204' title='bbox 249 2740 386 2775; x_wconf 71' lang='lat' dir='ltr'>speque</span> <span class='ocrx_word' id='word_1_205' title='bbox 464 2731 530 2764; x_wconf 85' lang='lat'>312</span> <span class='ocrx_word' id='word_1_206' title='bbox 554 2729 625 2763; x_wconf 89' lang='lat' dir='ltr'>huc</span> <span class='ocrx_word' id='word_1_207' title='bbox 652 2727 738 2762; x_wconf 89' lang='lat' dir='ltr'>dum</span> <span class='ocrx_word' id='word_1_208' title='bbox 763 2727 821 2761; x_wconf 88' lang='lat' dir='ltr'>hic</span> <span class='ocrx_word' id='word_1_209' title='bbox 900 2729 966 2762; x_wconf 86' lang='lat'>313</span> <span class='ocrx_word' id='word_1_210' title='bbox 991 2729 1052 2772; x_wconf 89' lang='lat' dir='ltr'>qui</span> <span class='ocrx_word' id='word_1_211' title='bbox 1078 2731 1154 2763; x_wconf 80' lang='lat' dir='ltr'>tres</span> <span class='ocrx_word' id='word_1_212' title='bbox 1179 2728 1331 2763; x_wconf 90' lang='lat' dir='ltr'>duceret</span> <span class='ocrx_word' id='word_1_213' title='bbox 1355 2728 1572 2763; x_wconf 82' lang='lat' dir='ltr'>clamidatos</span> 
     </span>
    </p>
   </div>
   <div class='ocr_carea' id='block_1_9' title="bbox 89 2785 645 2822">
    <p class='ocr_par' dir='ltr' id='par_1_16' title="bbox 89 2785 645 2822">
     <span class='ocr_line' id='line_1_33' title="bbox 89 2785 645 2822; baseline -0.004 0"><span class='ocrx_word' id='word_1_214' title='bbox 89 2797 172 2822; x_wconf 82' lang='lat' dir='ltr'>etun</span> <span class='ocrx_word' id='word_1_215' title='bbox 194 2786 391 2822; x_wconf 77' lang='lat' dir='ltr'>macheriis</span> <span class='ocrx_word' id='word_1_216' title='bbox 417 2785 541 2821; x_wconf 82' lang='lat' dir='ltr'>uidisti</span> <span class='ocrx_word' id='word_1_217' title='bbox 567 2785 645 2820; x_wconf 85' lang='lat' dir='ltr'>seui</span> 
     </span>
    </p>
   </div>
   <div class='ocr_carea' id='block_1_10' title="bbox 1985 1814 2009 3218">
    <p class='ocr_par' dir='ltr' id='par_1_17' title="bbox 1985 1814 2009 3218">
     <span class='ocr_line' id='line_1_34' title="bbox 1985 1814 2009 3218; baseline 0 0"><span class='ocrx_word' id='word_1_218' title='bbox 1985 1814 2009 3218; x_wconf 95' lang='lat' dir='ltr'> </span> 
     </span>
    </p>
   </div>
  </div>
 </body>
</html>
