2009 3218
393 177 472 217 366
1067 177 1186 211 Plauti
1604 179 1655 223 11,
1680 182 1712 224 4,
1737 182 1870 217 38—55
1936 151 1966 169 ”

389 299 763 354 Babyloniensem,
795 301 867 354 qui
899 302 1021 355 quasi
1052 316 1230 344 uxorem
1261 302 1343 344 sibi

389 371 456 412 Me
487 370 678 413 habebat
707 385 817 414 anno
850 372 950 414 dum
981 373 1052 414 hic
1082 372 1174 414 fuit.

965 467 1288 508 Diniarchus

1226 539 1315 591 Ego
1346 553 1579 580 senseram.
1803 553 1870 586 390

391 607 470 650 Sed
505 608 609 662 quid
640 609 765 661 istuc,
798 611 899 663 quoi
931 611 991 651 rei
1023 615 1066 651 te
1099 610 1359 651 adsimulare
1391 610 1572 652 retulit?

954 704 1023 746 Ph
1035 719 1055 745 r
1067 718 1090 745 o
1101 719 1125 745 n
1142 719 1163 746 e
1174 705 1253 746 siu
1264 718 1303 744 m

386 774 444 816 Ut
474 779 588 817 esset
618 775 751 829 aliqui
781 775 964 830 laqueus
997 782 1040 817 et
1069 775 1381 826 redimiculum,

385 846 694 889 Reuorsionem
724 852 773 890 ut
803 848 858 889 ad
889 862 955 889 me
986 846 1150 889 faceret
1181 846 1334 889 denuo.

386 918 509 959 Nunc
539 917 624 960 huc
654 919 818 962 remisit
848 934 985 973 nuper
1017 918 1070 959 ad
1103 933 1168 960 me
1200 919 1439 973 epistulam,

385 988 488 1032 Sese
520 994 808 1043 experturum,
842 991 993 1045 quanti
1025 1004 1117 1033 sese
1148 990 1393 1044 penderem.
1504 1023 1508 1027 .
1802 1003 1868 1038 395

385 1060 429 1103 Si
460 1061 576 1114 quod
608 1063 882 1116 peperissem,
913 1062 958 1104 id
988 1076 1072 1103 non
1101 1075 1301 1104 necarem
1333 1076 1382 1104 ac
1413 1062 1622 1114 tollerem,

388 1132 509 1175 Bona
540 1147 619 1175 sua
650 1148 716 1175 me
748 1148 839 1176 esse
870 1133 1119 1176 habituram
1151 1135 1305 1176 omnia.

961 1228 1292 1270 Diniarchus

1254 1300 1461 1342 Ausculto
1493 1300 1662 1343 lubens.

385 1354 500 1405 Quid
532 1355 716 1410 denique
747 1357 910 1411 agitis?

944 1435 1296 1478 Phronesium

980 1508 1120 1550 Mater
1150 1507 1331 1550 ancillas
1361 1507 1494 1559 iubet,

383 1578 595 1628 Quoniam
625 1580 711 1622 iam
742 1580 946 1622 decumus
978 1581 1139 1622 mensis
1171 1580 1381 1622 aduentat
1412 1593 1559 1634 prope,

380 1651 520 1693 Aliam
552 1650 758 1694 aliorsum
789 1653 863 1705 ire,
896 1652 1208 1706 praemandare
1241 1656 1284 1694 et
1314 1665 1525 1706 quaerere
1796 1664 1865 1698 400

379 1723 565 1765 Puerum
598 1728 675 1765 aut
706 1724 908 1778 puellam,
941 1725 1012 1777 qui
1046 1729 1318 1778 supponatur
1350 1724 1466 1766 mihi.

381 1793 496 1844 Quid
524 1795 661 1837 multa
690 1795 826 1838 uerba
856 1795 1041 1838 faciam?
1101 1797 1368 1838 Tonstricem
1400 1795 1552 1850 Syram

379 1867 582 1910 Nouistin
612 1872 818 1919 nostram,
851 1882 962 1923 quae
993 1868 1190 1910 mercede
1222 1882 1316 1910 sese
1348 1867 1508 1909 habet?

959 1962 1288 2005 Diniarchus

383 2018 506 2060 Noui.

944 2092 1299 2133 Phronesium

582 2163 700 2204 Haec
731 2168 779 2205 ut
810 2177 996 2218 operans
1028 2165 1227 2206 circumit
1256 2178 1333 2217 per
1363 2163 1562 2215 familias,

377 2233 563 2287 Puerum
596 2235 791 2288 uestigat,
826 2235 1067 2277 clanculum
1098 2235 1153 2277 ad
1185 2249 1251 2277 me
1284 2235 1460 2287 detulit,
1793 2246 1860 2280 405

378 2304 535 2346 Datum
567 2305 648 2347 sibi
681 2321 776 2348 esse
808 2295 927 2348 dixit.

494 2465 560 2498 390
585 2475 681 2498 anno
707 2475 764 2497 11111
793 2464 878 2497 dum
904 2463 974 2499 BG
1101 2466 1163 2498 391
1191 2465 1274 2499 istic
1302 2465 1332 2499 Ο
1453 2465 1545 2499 reite
1568 2463 1616 2508 B,
1643 2464 1696 2499 rei
1719 2465 1806 2498 item
1835 2463 1865 2499 0

378 2521 443 2554 392
468 2520 498 2553 si
524 2523 679 2564 aqueust
702 2519 751 2562 B,
779 2521 915 2564 siaquae
941 2532 1028 2564 usq;
1057 2526 1113 2554 est
1138 2521 1166 2555 G
1255 2522 1321 2555 395
1346 2521 1535 2565 perderem
1639 2521 1705 2556 396
1731 2521 1859 2565 Siquid

490 2575 527 2609 id
549 2587 692 2611 ecarem
808 2582 845 2611 at
860 2577 888 2612 C
997 2577 1062 2612 397
1088 2588 1227 2611 summe
1247 2577 1457 2612 habiturum
1481 2578 1602 2612 omnia
1621 2588 1700 2612 esse
1793 2579 1859 2612 398

376 2633 521 2667 mathei·
544 2632 580 2667 B
717 2634 782 2667 399
808 2634 981 2677 quoniam
1008 2645 1081 2668 non
1108 2633 1270 2668 decimus
1295 2634 1330 2667 B
1465 2636 1532 2669 400
1555 2634 1637 2668 Alia
1660 2634 1858 2668 maiorsum
1903 2662 1910 2671 .

376 2691 439 2723 401
468 2689 528 2733 qui
555 2700 595 2723 so
621 2693 858 2733 upponantur
883 2689 927 2730 B,
953 2690 1034 2733 quis
1060 2694 1292 2734 opponantur
1317 2690 1345 2724 G
1411 2692 1478 2725 402
1501 2690 1569 2733 Qui
1638 2697 1722 2725 sura
1791 2692 1858 2725 403

377 2745 472 2781 Noui
499 2746 527 2779 si
605 2757 713 2789 quem
739 2758 822 2789 erga
850 2746 965 2780 aedem
1042 2749 1109 2780 404
1134 2758 1244 2790 opera
1314 2749 1380 2781 405
1405 2747 1582 2782 clanculit
1608 2747 1637 2782 C
