2009 3218
131 214 160 258 1,
185 214 216 253 8,
240 212 374 248 89-97
785 208 950 244 Stichus.
1534 211 1617 250 207

711 333 1024 377 Crocotium

128 411 193 455 En
233 415 402 453 ecastor
431 408 507 451 risi
537 411 580 450 te
610 406 750 450 hodie.

720 519 1027 563 Gelasimus

787 591 970 642 Quando
1001 596 1079 634 aut
1110 605 1194 645 quo
1227 592 1268 633 in
1300 591 1426 634 loco‘?

721 705 815 749 Cro
827 719 882 748 co
894 707 972 748 tiu
986 720 1025 747 m

131 783 222 827 Hic.
254 795 380 835 quom
413 780 659 822 auctionem
691 778 979 833 praedicabas

723 892 1028 935 Gelasimus

1027 964 1250 1015 Pessuma,

131 1040 222 1084 Eho
254 1053 307 1082 an
339 1038 576 1082 audiuisti?

715 1131 746 1174 C
757 1146 778 1173 r
789 1147 812 1173 o
827 1145 849 1173 c
861 1132 974 1174 otiu
986 1146 1026 1174 m

551 1205 609 1247 Te
641 1204 813 1260 quidem
846 1204 1170 1258 dignissumam.

716 1318 1027 1361 Gelasimus

134 1392 226 1444 Quo
256 1405 370 1434 nunc
399 1391 466 1433 is?

719 1477 1027 1520 Crocotium

539 1550 602 1592 Ad
635 1554 691 1592 te.

727 1663 1031 1706 Gelasimus

763 1734 873 1785 Quid
906 1735 1058 1777 uenis?

727 1848 1031 1892 Crocotium

1112 1920 1347 1976 Panegyris

138 1991 304 2045 Rogare
335 1993 460 2035 iussit
490 1996 532 2034 te
565 1998 612 2034 ut
633 1994 754 2045 potis
786 2007 915 2047 opere
949 2007 1162 2044 maxumo,
1520 2009 1524 2014 ·
1562 2003 1630 2039 250

140 2063 301 2106 Mecum
336 2065 481 2107 simitu
512 2069 561 2107 ut
590 2066 675 2106 ires
708 2065 761 2106 ad
794 2079 889 2106 sese
923 2065 1107 2107 domum.

731 2181 1034 2224 Gelasimus

142 2251 230 2305 Ego
260 2252 362 2295 illuc
395 2253 608 2297 mehercle
639 2268 742 2296 uero
775 2268 824 2296 eo
858 2259 1067 2308 quantum
1101 2258 1257 2308 potest.

142 2322 284 2368 Iamne
315 2330 438 2368 extra
469 2330 593 2368 cocta
625 2326 755 2367 sunt?
787 2331 891 2380 quot
925 2326 1047 2379 agnis
1079 2325 1272 2368 fecerat?

725 2441 755 2484 C
769 2458 790 2484 r
801 2457 824 2484 o
836 2456 857 2484 c
872 2443 984 2484 otiu
996 2457 1036 2484 m

143 2510 222 2554 Illa
252 2513 422 2567 quidem
453 2514 618 2557 nullum
651 2514 938 2557 sacruficauit.

255 2672 321 2707 246
344 2671 400 2716 Ey
426 2671 455 2707 Ο
538 2672 648 2707 hodie
674 2673 829 2707 multum
917 2673 982 2706 248
1007 2677 1068 2706 aut
1093 2671 1192 2707 luisti
1217 2673 1262 2716 B,
1291 2672 1426 2707 audisti
1454 2671 1483 2706 Ο
1568 2673 1634 2706 249

147 2728 329 2773 panegiris
353 2728 421 2764 BC
566 2730 633 2764 250
657 2730 754 2773 potis
782 2739 845 2763 om.
986 2729 1047 2763 251
1075 2729 1147 2763 ires
1173 2739 1217 2763 eo
1244 2732 1424 2773 quantum
1450 2731 1575 2772 potest
1600 2729 1634 2762 A

147 2783 212 2819 252
235 2785 297 2820 illo
318 2784 388 2821 BG
452 2787 518 2820 253
542 2790 755 2821 extaetoeta
774 2785 808 2818 B
879 2785 977 2829 quod
1003 2785 1121 2820 taonis
1142 2784 1210 2820 BC
1277 2786 1343 2820 254
1369 2783 1593 2820 sacrificabit
1610 2783 1641 2818 G
