2009 3218
108 208 156 250 11,
183 210 214 246 b',
241 208 362 241 73—7.
388 210 409 241 8
766 208 925 242 Rudens.
1519 216 1593 253 119

699 333 1009 375 Charmides

104 405 227 457 Quid,
259 403 403 456 stulte,
435 403 614 459 ploras?
674 404 769 446 Tibi
804 406 974 459 quidem
1011 406 1161 460 edepol
1196 409 1377 462 copiast,

104 477 213 519 Dum
245 476 394 530 lingua
425 477 556 528 uiuet,
588 477 660 531 qui
692 491 781 519 rem
815 477 961 520 soluas
995 478 1207 520 omnibus.

273 715 640 758 SCEPARNIO.
705 716 778 757 LA
788 717 912 758 BRA
923 717 977 758 Χ.
1045 717 1426 760 (,ἩΑΗΜΙΙ)Ε,8’.

702 830 993 882 Sceparnio

103 901 213 952 Quid
244 902 348 943 illuc
379 901 562 944 obsecro
595 903 754 956 negoti,
787 903 902 955 quod
935 902 1045 944 duae
1079 903 1359 946 mulierculae

104 974 183 1016 Hic
215 975 255 1015 in
288 973 386 1015 fano
421 973 600 1016 Ueneris
632 975 799 1027 signum
834 974 985 1016 flentes
1017 975 1242 1029 amplexae
1274 980 1436 1022 tenent,

106 1047 257 1088 Nescio
290 1060 417 1101 quem
451 1051 696 1089 metuentes
731 1048 944 1089 miserae?
977 1047 1113 1089 Nocte
1146 1047 1228 1089 hac
1260 1052 1354 1090 tota
1385 1064 1596 1104 proxuma

103 1119 155 1161 Se
186 1119 371 1161 iactatas
404 1123 533 1172 atque
565 1120 721 1161 eiectas
754 1119 881 1161 hodie
914 1134 1010 1162 esse
1042 1120 1164 1162 aiunt
1195 1133 1216 1162 e
1250 1121 1368 1161 mari.
1526 1134 1589 1166 551

743 1206 950 1249 Labrax

103 1278 295 1321 Obsecro
326 1279 484 1330 hercle,
516 1279 785 1330 adulescens,
824 1280 898 1322 ubi
937 1281 1074 1323 istaec
1105 1284 1206 1321 sunt
1238 1293 1346 1334 quas
1377 1295 1592 1324 memoras

1051 1352 1286 1395 mulieres?

701 1432 992 1485 Sceparnio

103 1503 183 1546 Hic
212 1505 256 1546 in
288 1504 388 1546 fano
422 1503 616 1546 Ueneris.

741 1583 949 1627 Labraoe

548 1656 663 1707 Quot
695 1658 823 1699 sunt‘?

699 1751 991 1803 Sceparnio

792 1823 988 1866 Totidem
1022 1828 1129 1879 quot
1160 1838 1239 1878 ego
1274 1829 1317 1866 et
1347 1829 1395 1867 tu
1427 1839 1589 1867 sumus.

741 1911 949 1954 Labrax

100 1967 263 2023 Nempe
295 1983 427 2011 meae.

700 2040 988 2092 Sceparnio

449 2113 612 2167 Nempe
643 2114 788 2155 nescio
821 2113 945 2154 istuc.

740 2207 908 2249 Labra
922 2223 949 2247 ,ιτ

981 2278 1076 2329 Qua
1109 2283 1209 2321 sunt
1239 2278 1380 2322 facie?

700 2374 991 2426 Sceparnio

1413 2445 1592 2488 Scitula.

105 2515 182 2559 Uel
215 2532 291 2571 ego
324 2532 470 2560 amare
499 2519 714 2560 utramuis
741 2519 911 2572 possim,
947 2518 982 2559 si
1009 2517 1144 2571 probe
1171 2517 1358 2572 adpotus
1383 2518 1501 2559 siem.
1528 2529 1595 2562 555

217 2677 282 2710 548
307 2679 363 2729 εἷς]
385 2676 476 2711 illuc
504 2676 539 2718 C,
566 2676 654 2711 illuc
681 2681 738 2711 est
762 2677 796 2710 B
901 2676 966 2709 549
991 2675 1157 2720 amplexe
1186 2675 1215 2711 C
1317 2677 1384 2709 550
1409 2675 1543 2710 misere
1570 2675 1599 2709 C

228 2731 295 2768 hac
322 2745 368 2768 nc
394 2735 562 2778 proxima
589 2733 637 2776 B,
663 2734 731 2768 hac
759 2744 831 2767 non
859 2732 1027 2776 proxima
1054 2732 1083 2767 Ο
1194 2734 1257 2767 551
1286 2733 1401 2767 iectus
1529 2734 1595 2766 555

110 2788 265 2832 probeat
288 2790 483 2834 potuissim
511 2790 540 2824 G
