2009 3218
352 177 441 216 364-
1028 175 1149 210 Plauti
1562 176 1613 216 11,
1637 177 1671 218 4,
1697 175 1830 210 17-26

913 300 1265 354 Phronesium

350 371 467 414 Idem
498 386 542 414 es
573 375 800 422 mecastor,
831 372 903 424 qui
935 372 1059 414 soles.
1121 372 1205 414 Sed
1237 372 1304 414 dio
1336 372 1450 423 mihi,
1764 381 1829 416 365

350 443 522 486 Benene
552 442 896 486 ambulatumst?

925 545 1267 591 Diniarchus.

958 617 1053 658 Huc
1084 617 1256 670 quidem
1287 615 1431 658 hercle
1462 616 1517 658 ad
1547 620 1592 658 te
1622 616 1744 669 bene,

350 687 463 738 Quia
492 689 557 730 tui
588 688 765 730 uidendi
796 689 922 743 eopia
952 693 1031 731 est.

909 806 941 847 P
953 805 981 847 h
990 820 1011 846 1·
1023 820 1045 848 o
1056 820 1084 847 n
1098 820 1120 847 e
1131 807 1173 847 si
1184 821 1212 847 u
1223 820 1262 846 m

1094 876 1404 931 Complectere.

925 994 1256 1036 Diniarohus

349 1065 534 1107 Lubens.
595 1066 715 1117 Heia,
746 1066 828 1108 hoe
859 1069 925 1108 est
956 1066 1081 1108 melle
1115 1065 1229 1107 dulci
1260 1065 1440 1108 dulcius.

347 1138 439 1180 Hoc
469 1138 555 1179 tuis
585 1137 783 1189 fortunis,
817 1137 1024 1192 Iuppiter,
1057 1142 1283 1192 praestant
1313 1151 1445 1179 meae.

911 1263 1268 1304 Phronesium

346 1334 443 1377 Dan
475 1334 672 1376 sauium‘?

927 1440 1255 1482 Diniarehus

728 1513 863 1556 Immo
895 1513 967 1555 uel
997 1512 1157 1555 decem.

915 1637 1262 1681 Phronesium

1213 1708 1304 1760 Em,
1335 1709 1445 1751 istoc
1476 1721 1642 1762 pauper
1673 1721 1740 1750 es:
1763 1717 1840 1752 370·

344 1782 444 1824 Plus
475 1781 681 1836 pollicere
713 1795 841 1836 quam
874 1780 953 1823 abs
985 1785 1028 1822 te
1058 1794 1189 1835 poseo
1221 1784 1300 1823 aut
1330 1780 1513 1835 postulo.

920 1899 1107 1939 Diniar
1121 1898 1248 1940 chus

344 1971 520 2014 Utinam
551 1985 577 2013 a
607 1971 818 2026 principio
849 1971 913 2013 rei
942 1971 1044 2012 item
1077 1971 1292 2024 parsisses
1323 1983 1455 2021 meae,

347 2043 402 2086 Ut
432 2057 545 2085 nunc
577 2043 767 2097 repercis
800 2042 945 2085 sauiis.

905 2159 1203 2201 Phronesiu
1221 2175 1260 2201 m

1006 2231 1050 2274 Si
1082 2231 1188 2286 quid
1218 2231 1299 2274 tibi

345 2302 580 2357 Compendi
612 2303 753 2345 facere
785 2305 960 2357 possim,
993 2303 1155 2346 factum
1187 2303 1340 2358 edepol
1371 2302 1511 2344 uelim.

456 2463 523 2496 365
546 2465 692 2497 ecastor
716 2459 783 2494 BG
892 2460 992 2495 dieat
1016 2460 1085 2496 BG
1191 2462 1257 2495 366
1282 2461 1379 2494 Bene
1405 2459 1587 2494 nabulasti
1612 2458 1658 2498 B,
1684 2459 1828 2494 benenss

344 2519 542 2553 ambulasti
572 2518 599 2552 C
670 2520 707 2551 at
732 2522 766 2550 t‹·
795 2518 886 2551 lwne
912 2519 955 2560 A,
983 2518 1144 2551 attihent
1169 2517 1235 2552 BC
1313 2518 1379 2551 367
1405 2516 1481 2560 Qua
1506 2515 1574 2551 BG
1641 2518 1679 2550 tu
1704 2514 1736 2549 A

344 2575 495 2610 uident&
520 2578 576 2608 est
601 2574 707 2617 copia
733 2573 798 2607 BC
886 2575 952 2608 368
978 2574 1022 2608 ad
1050 2574 1118 2607 hoc
1146 2578 1200 2607 est
1227 2586 1282 2607 me
1309 2574 1361 2607 illi
1388 2573 1454 2607 BC
1538 2573 1605 2606 370
1629 2572 1727 2606 Dant
1751 2570 1826 2613 BG,

344 2632 400 2667 Da
421 2632 452 2665 A
525 2631 691 2665 suauium
715 2629 778 2664 BC
848 2635 950 2665 utem
973 2630 1040 2665 BC
1109 2642 1187 2664 csse
1209 2629 1277 2666 BG
1343 2630 1403 2664 371
1434 2641 1543 2674 quam
1569 2639 1638 2672 ego
1665 2639 1685 2662 a
1709 2632 1745 2662 te
1763 2625 1831 2663 BC

344 2690 410 2723 372
434 2689 522 2722 item
549 2699 569 2721 a
594 2687 775 2731 principio
796 2687 846 2720 rei
863 2687 893 2720 :l
1013 2686 1253 2731 parsissiBG‚
1281 2687 1519 2731 pepericisses
1544 2685 1576 2718 A
1684 2686 1750 2718 373
1775 2695 1827 2718 re-

345 2744 465 2791 parcis
489 2744 584 2778 sauis
610 2742 677 2778 Bc
703 2770 706 2774 .
766 2745 831 2777 374
857 2743 988 2777 saetam
1017 2742 1085 2777 ΒΟ
