2009 3218
740 192 779 226 v.
808 193 998 228 285—338.
1124 244 1129 248 .
1412 227 1417 232 .
1536 198 1615 237 535

125 319 270 359 Bitsch.
308 319 479 369 „oppido
510 320 660 357 breuist
693 322 749 357 c.“
785 340 840 345 —-
884 322 976 359 308.
1025 318 1227 360 occlusam
1266 320 1452 371 ianuam,
1500 337 1534 361 v.
1558 324 1617 361 ‘ad

124 388 241 427 Most.
274 389 367 425 435.

243 457 320 494 309
354 469 438 505 sqq.
474 457 700 506 anapaestici
734 459 836 503 sunt,
873 457 1066 494 309—12
1099 460 1302 504 octonarii,
1337 460 1529 497 313—18
1562 459 1620 496 di-

129 525 242 562 metri
273 524 508 570 catalect-ici,
551 524 741 562 329—21
777 523 935 561 dimetri
966 526 1188 573 acatalecti,
1231 527 1422 564 322—25
1465 526 1621 564 dimetri

130 592 361 631 catalectici.
1038 634 1042 638 ,

242 661 334 698 310.
369 670 493 708 quam
527 657 695 707 dudum,
726 661 772 697 cf.
802 661 893 698 530.
927 660 976 697 ad
999 661 1142 711 Amph.
1171 663 1262 699 685.
1324 662 1411 700 asto
1443 662 1479 716 et
1499 659 1621 711 pullo

128 728 286 767 Taubm.
305 748 359 753 —
380 729 471 766 311.
506 738 553 766 ac
567 725 700 777 pedes
726 728 886 766 Loman.
904 748 958 753 —
985 730 1078 767 312.
1111 729 1188 766 Pro
1206 734 1392 779 corrupto
1415 727 1617 776 „manum“

128 797 214 836 edd.
245 794 466 844 ‚,1nalum“;
495 809 565 833 nos
597 810 681 833 cum
713 796 863 846 Buggio
897 796 1038 846 Opusc.
1067 797 1115 834 ad
1139 797 1273 834 Madv.
1306 812 1344 847 p.
1374 798 1447 835 181
1483 808 1619 837 anum.

128 865 182 904 Ut
211 866 390 913 fugitivis
422 877 518 902 anus
550 877 636 902 cum
663 865 916 915 compedibus
942 864 1175 911 addebatur,
1208 878 1243 902 v.
1261 865 1364 903 Men.
1385 867 1456 903 85:
1494 880 1620 914 „com-

127 934 251 985 pediti
291 946 406 970 anum
444 933 539 970 lima
577 935 847 982 praete1·unt“‚
894 935 948 971 ita
986 936 1100 982 optat
1144 937 1189 971 ut
1226 933 1376 971 foribus
1416 947 1511 971 anus
1557 935 1620 981 sit,

127 1015 174 1040 ne
210 1014 367 1038 necesse
413 1003 464 1039 sit
506 999 674 1052 pedibus
720 1006 759 1039 et
804 1002 946 1040 cubitis
991 1002 1159 1051 pultare.
1254 1001 1362 1040 Anus
1407 1002 1469 1040 vel
1515 1002 1623 1039 anuli

129 1069 269 1107 forium
301 1073 654 1108 commemorantur
684 1069 792 1108 Pers.
828 1072 920 1109 569.
997 1070 1130 1108 Graece
1162 1071 1302 1120 ῥόπτρα
1334 1070 1536 1117 dicuntur,
1583 1083 1618 1108 v.

50 1155 55 1159 -
131 1137 220 1188 Lys.
255 1139 290 1185 6,
327 1140 360 1176 1.
422 1137 621 1176 Plutarch.
655 1138 805 1176 Curios.
837 1140 872 1176 3.
918 1138 1062 1176 Athen.
1093 1138 1190 1175 xm
1214 1127 1258 1189 p.
1294 1140 1372 1177 593
1404 1139 1442 1176 b.
1503 1138 1623 1175 Anuli

128 1208 237 1244 aenei
275 1207 444 1256 vestigia
483 1208 777 1257 conspiciuntur
813 1208 853 1244 in
892 1220 1111 1244 marmorea
1147 1210 1264 1256 porta
1303 1206 1475 1255 sepulcri
1505 1206 1621 1243 Pom-

127 1275 269 1326 peiani,
302 1289 337 1313 v.
370 1275 520 1312 Mazois
553 1276 570 1312 I
601 1275 656 1325 pl.
681 1275 789 1312 XIX.
852 1275 971 1313 Metri
1004 1289 1119 1312 causa
1149 1276 1395 1324 transposui:
1428 1284 1623 1324 maynum

128 1353 263 1390 anwn,
295 1357 342 1380 nc
374 1345 566 1393 pessimus
599 1348 821 1392 anapaestus
853 1357 1007 1381 versum
1040 1345 1287 1380 terminaret.
1328 1363 1380 1368 —-
1421 1343 1513 1381 314.
1544 1352 1623 1380 uae

132 1408 254 1450 uobis
284 1411 332 1448 A.
393 1412 455 1449 Ad
495 1416 711 1449 extremum
743 1412 897 1449 foribus
934 1412 1035 1449 male
1074 1416 1271 1462 precatur.
1303 1431 1358 1437 --
1391 1412 1482 1450 315.
1517 1421 1622 1449 com-

42 1515 49 1519 .
120 1475 284 1529 pellabo
316 1481 361 1517 A.
394 1500 447 1505 —
482 1481 574 1518 318.
608 1477 735 1519 edisti
760 1481 803 1516 A.
830 1499 885 1504 —
919 1481 1010 1518 321.
1042 1477 1140 1518 istic
1170 1477 1283 1517 inest
1312 1483 1351 1516 et
1382 1478 1425 1516 tu
1456 1476 1551 1517 edes
1575 1480 1621 1516 A.

126 1547 328 1586 Parasitus
358 1550 485 1599 pisces
517 1552 557 1586 in
590 1549 768 1599 sportula
793 1561 876 1586 esse
900 1550 1134 1597 suspicatur,
1165 1548 1318 1598 sibique
1343 1561 1446 1585 cenae
1469 1551 1623 1597 partem

127 1615 209 1654 fore
238 1620 394 1666 sperat3
427 1629 562 1654 servus
593 1616 774 1654 colubras
805 1617 839 1654 ei
872 1617 1091 1666 pollicetur.
1168 1616 1223 1653 De
1255 1619 1455 1654 structura
1493 1617 1538 1654 cf.
1574 1615 1623 1652 ad

127 1684 246 1722 Mero.
281 1686 373 1722 227.
407 1705 461 1710 ——
495 1686 588 1723 325.
622 1681 749 1722 Potes
780 1686 824 1722 A.

241 1754 332 1791 326.
381 1753 596 1802 Panegyris
628 1754 718 1800 exit,
751 1757 797 1791 ut
826 1753 977 1800 videat,
1011 1753 1097 1802 quis
1126 1757 1207 1790 tam
1238 1753 1490 1791 vehementer
1520 1753 1623 1789 fores

127 1823 268 1872 pulset.
330 1821 374 1859 V.
405 1822 484 1860 326
510 1821 678 1859 dimeter
709 1822 898 1859 iambicus
931 1826 1000 1869 est,
1036 1822 1114 1859 327
1149 1823 1409 1870 anapaesticus
1442 1820 1620 1866 dimeter,

131 1891 208 1928 328
248 1891 506 1940 anapaesticus
537 1893 770 1927 tetrameter
808 1890 1075 1937 catalecticus,
1124 1890 1202 1927 329
1236 1890 1492 1934 acatalectus,
1543 1889 1620 1926 330

127 1957 387 1996 catalecticus.
471 1957 577 1995 Duos
615 1961 763 2008 primos
805 1971 939 1995 versus
985 1958 1238 2007 Spengelius,
1286 1956 1619 1995 Reformvorschl.

126 2039 164 2076 p.
196 2027 277 2064 417
317 2027 598 2075 anapaesticum
636 2030 910 2064 tetrametrum
957 2027 1050 2063 fecit
1088 2026 1262 2063 scribens
1304 2025 1394 2073 „ubi
1433 2026 1465 2062 is
1505 2021 1617 2062 est‘?“

126 2113 181 2119 -
219 2095 312 2132 330.
352 2091 557 2144 equidem,
598 2107 635 2132 v.
677 2095 726 2132 ad
756 2095 897 2144 Amph.
934 2095 1025 2132 757.
1095 2093 1233 2131 Goetz.
1267 2107 1350 2131 cum
1382 2092 1618 2131 Ribbeokio:

131 2162 242 2210 „med
275 2160 500 2212 equidem“.
562 2162 628 2200 R.:
681 2164 916 2210 „miserebat
953 2159 1135 2200 harum“.
1195 2157 1411 2200 miserebat
1440 2161 1621 2199 ultimam

127 2230 322 2280 producit,
345 2244 380 2267 v.
399 2229 555 2278 Proleg.
574 2244 612 2280 p.
636 2232 727 2269 196.
749 2251 798 2256 —
826 2228 955 2280 Ergo,
982 2231 1150 2277 ironice;
1184 2244 1274 2267 nam
1300 2231 1499 2280 parasitus
1522 2229 1622 2267 nihil

126 2298 231 2344 fecit,
264 2312 341 2348 quo
373 2299 594 2348 pulsantem
628 2303 859 2336 moraretur.

242 2367 334 2404 331.
376 2366 653 2404 Trochaeorum
685 2369 840 2404 initium
871 2367 966 2403 facit
994 2366 1151 2403 brevior
1188 2379 1347 2412 versus,
1392 2367 1460 2416 qui
1496 2370 1540 2404 ut
1581 2370 1621 2403 et

128 2436 211 2485 ipse
248 2436 496 2486 septenarius
535 2435 669 2482 fieret,
717 2434 854 2472 Goetz.
887 2438 978 2485 post
1022 2431 1140 2481 „nos“
1175 2433 1306 2471 addit:
1359 2447 1433 2481 „an
1473 2433 1619 2471 Gelasi-

127 2500 283 2541 must?“
318 2516 455 2552 parum
486 2503 664 2541 feliciter.
732 2502 976 2551 Responsum
1011 2498 1235 2540 Pinacium
1265 2502 1466 2540 Acidalius
1505 2508 1543 2539 et
1573 2502 1618 2540 R.

128 2574 303 2621 parasito
334 2571 578 2618 tribuerunt,
620 2571 803 2620 idemque
835 2571 985 2607 incuria
1023 2571 1063 2607 in
1103 2574 1277 2608 nostrum
1312 2574 1537 2608 contextum
1569 2572 1620 2607 ir-

127 2640 261 2688 repsit,
280 2639 309 2676 C
325 2644 430 2677 recte
448 2641 524 2691 ipsi
540 2640 700 2677 Pinacio
720 2639 799 2675 dat.
820 2658 867 2664 —
898 2639 990 2676 332.
1009 2635 1065 2677 ad
1078 2639 1124 2676 A.
1144 2658 1199 2663 —-
1218 2639 1310 2676 333.
1328 2635 1571 2677 indiderunt
1587 2638 1620 2675 A

130 2709 169 2744 et
190 2706 232 2745 C.
291 2705 483 2755 maiores,
516 2709 561 2746 cf.
591 2709 682 2745 303.
701 2726 756 2732 -
776 2708 868 2744 335.
901 2702 1022 2744 Mein
1047 2706 1263 2757 Scioppius,
1296 2720 1331 2744 v.
1350 2706 1400 2743 ad
1416 2706 1505 2743 Aul.
1526 2707 1618 2744 237.

128 2793 183 2799 —
216 2776 307 2814 338.
340 2771 419 2824 Ita,
450 2776 496 2813 cf.
531 2776 580 2813 ad
606 2776 713 2813 Pers.
739 2776 833 2813 471.
872 2795 926 2800 —
961 2775 1103 2823 „celeri
1135 2775 1328 2813 curriculo
1359 2771 1454 2821 fui“,
1487 2786 1620 2824 quam-
