2009 3218
303 208 382 247 602
918 208 1162 242 Trinummus.

304 337 395 372 251.
432 354 482 359 —
521 336 636 372 1139.
670 346 839 373 (tuream
869 338 974 374 Cam.
1011 357 1057 362 —
1096 339 1212 374 1140.
1246 333 1358 375 aibat
1381 339 1554 375 Guietus.
1581 358 1635 363 —
1664 341 1779 377 1141.

303 413 375 440 nec
406 401 476 451 qui
506 404 565 440 ed.
600 416 680 452 pn,
723 403 768 440 of.
803 404 852 441 ad
883 405 1004 443 Stich.
1038 407 1129 443 767.
1174 425 1225 431 --
1269 407 1386 443 1145.
1430 403 1501 455 qui
1531 406 1662 453 Acid.,
1695 408 1719 443 i.
1754 422 1783 444 e.

303 471 382 507 ullo
413 470 540 507 modo.
584 491 631 494 —
676 471 761 519 „et“
799 472 873 510 del.
908 473 1018 511 Both.
1058 493 1110 498 —
1156 475 1272 511 1146.
1321 470 1393 511 Me
1431 484 1521 512 esse
1542 476 1693 522 penes,
1739 475 1785 512 cf.

303 539 390 575 Aul.
426 539 524 576 646:
563 552 712 589 „neque
741 542 800 578 tui
831 554 891 578 me
921 541 1135 592 quidquam
1166 544 1352 580 inuenisti
1383 540 1543 591 penes“.
1564 562 1619 567 -—
1649 541 1782 588 „eum“

304 607 379 644 del.
413 607 549 653 Both.;
585 608 655 655 „12⁴⁶
690 611 835 647 rectius
866 610 1063 648 Abraham
1095 610 1237 647 Annal.
1270 610 1367 659 phil.
1399 609 1595 660 Supplem.
1628 609 1718 647 XIV
1748 625 1784 661 p.

308 676 384 713 188
416 675 465 712 ad
496 688 608 713 usum
640 676 782 714 Plauti.
818 698 869 703 —
915 680 1032 716 1148.
1076 675 1360 722 Beneuolens,
1401 678 1446 715 cf.
1480 678 1546 715 46.
1578 697 1632 703 —-
1669 680 1784 717 1153.

303 741 458 791 dismas
505 741 658 782 salutis
702 745 852 783 Nonius
897 760 933 796 p.
969 748 1048 784 497
1089 751 1185 784 extr.
1237 746 1476 794 „Genetivus
1520 746 1672 796 positus
1715 760 1786 797 pro

303 810 516 858 ablativo“,
557 813 604 850 cf.
637 812 716 851 Cic.
750 815 796 852 ad
830 817 949 852 Attio.
984 815 1085 861 VIII,
1122 818 1182 861 15,
1220 817 1258 852 1:
1312 816 1522 864 „cogitatio
1562 815 1789 864 dignissima

303 884 380 917 tuae
412 878 612 919 virtutis“.
672 882 850 920 Wolfflin
881 883 980 921 Mus
1015 883 1136 920 Rhen.
1168 882 1355 920 XXXVII
1386 898 1423 933 p.
1458 884 1547 921 114.
1580 903 1634 908 -
1669 885 1786 922 1154.

306 945 465 987 Tunica
495 946 675 998 propior
701 947 837 999 pallio
878 952 948 989 est.
1024 951 1079 990 Ut
1115 953 1248 989 tunica
1279 953 1433 1002 corpori
1471 953 1634 1002 propior
1673 964 1786 1001 quam

302 1017 463 1067 pallium
496 1021 574 1064 est,
612 1019 668 1056 ita
705 1032 881 1057 socerum
922 1021 1064 1057 ceteris
1104 1022 1236 1058 amicis
1267 1021 1492 1070 propiorem
1523 1019 1649 1058 videri
1681 1019 1786 1057 dicit.

303 1085 385 1123 Wr.
419 1086 571 1124 confert
601 1087 763 1125 Theocr.
801 1089 863 1134 16,
901 1089 968 1126 18:
1010 1088 1180 1138 ἀπωτέρω
1213 1091 1230 1134 ’ὴ
1261 1090 1348 1139 γόνυ
1380 1089 1506 1136 κνάμα.
1567 1088 1669 1135 Haec,
1702 1099 1787 1138 quae

304 1152 418 1190 codd.
450 1153 600 1191 Callicli
632 1155 744 1201 dant,
787 1155 956 1194 editores
988 1161 1111 1204 recte,
1153 1162 1196 1194 ut.
1226 1156 1402 1204 videtur,
1448 1156 1612 1204 Lysiteli
1643 1156 1788 1193 tribue·
1849 1187 1852 1190 .

304 1225 407 1258 runt.
434 1241 481 1246 —
518 1223 636 1260 1155.
672 1219 790 1260 uobis
824 1224 911 1261 add.
940 1225 1069 1263 Herm.
1101 1246 1147 1251 —
1188 1228 1306 1264 1150.
1338 1222 1526 1263 homines
1556 1221 1788 1274 conloquar,

304 1290 350 1327 cf.
373 1291 491 1328 1135.
525 1291 572 1328 ad
589 1290 731 1342 Amph.
753 1294 844 1330 335.
870 1313 924 1318 —
961 1296 1063 1332 1156
1099 1295 1215 1332 affert
1241 1294 1390 1331 Nonius
1417 1308 1453 1343 p.
1486 1294 1583 1330 144:
1620 1292 1788 1340 „Neuult

304 1371 375 1408 pro
406 1371 483 1396 non
514 1359 600 1396 vult
719 1360 882 1414 Plautus
913 1362 1159 1400 Trinummo:
1192 1362 1333 1400 Filiam
1364 1376 1488 1400 meam
1520 1362 1592 1398 tibi
1624 1361 1788 1412 despon-

303 1431 427 1464 satam
468 1440 550 1464 esse
597 1428 726 1466 audio.
799 1430 882 1467 Nisi
913 1434 955 1467 tu
987 1429 1137 1468 neuis“.
1182 1452 1227 1456 —
1275 1432 1393 1469 1157.
1442 1426 1638 1480 Sponden
1669 1429 1713 1467 tu
1743 1429 1787 1467 R.

306 1515 354 1520 -
410 1496 528 1533 1158.
576 1493 704 1544 dotis,
752 1511 788 1535 v.
827 1499 875 1535 ad
917 1499 1036 1537 Mero.
1080 1501 1171 1538 695.
1215 1520 1267 1525 -
1318 1501 1434 1538 1159.
1478 1495 1695 1547 placenda,
1742 1498 1789 1535 cf.

308 1562 571 1602 ..abstandus“
616 1578 734 1615 supra
773 1568 864 1605 265.
905 1588 957 1593 —
1003 1570 1121 1606 1161.
1162 1566 1234 1606 Ius
1275 1565 1338 1606 laic
1369 1569 1473 1610 orat,
1505 1569 1649 1604 iustum
1679 1565 1787 1611 dicit,

304 1634 350 1670 ef.
398 1633 445 1670 ad
493 1632 606 1682 Epid.
657 1636 707 1672 26
752 1640 793 1688 pt
838 1620 948 1685 dapt.
1001 1638 1094 1675 332.
1154 1657 1202 1662 -
1269 1638 1386 1675 1163.
1441 1633 1549 1674 idem
1593 1632 1685 1681 1200,
1740 1634 1787 1671 cf.
1838 1683 1842 1689 ἱ

305 1702 414 1738 Curc.
456 1702 555 1738 673:
616 1702 692 1749 „Et
737 1717 807 1753 ego
857 1704 928 1742 hoc
973 1705 1075 1742 idem
1122 1719 1199 1743 una
1251 1703 1469 1756 spoudeo“.
1559 1703 1789 1741 Testimonii

304 1775 342 1807 et
381 1771 630 1808 auctoritatis
668 1785 786 1809 causa
825 1775 970 1811 amicus
1016 1774 1118 1811 idem
1166 1775 1335 1824 spondet
1381 1778 1419 1810 et
1465 1785 1702 1822 consponsor
1745 1770 1787 1807 fit

305 1835 402 1885 (Cic.
436 1839 483 1876 ad
515 1840 594 1876 Att.
628 1839 723 1886 XII,
762 1842 847 1888 17),
884 1843 1094 1892 βεβατωτήρ.
1139 1863 1185 1868 -—
1228 1839 1405 1891 adfinem
1445 1843 1560 1878 etiam
1593 1839 1788 1878 Calliclem

305 1907 492 1956 appellat,
532 1909 598 1956 qui
631 1913 669 1945 et
699 1910 783 1958 ipse
813 1911 1029 1960 spopondit
1059 1916 1097 1949 et
1128 1912 1267 1962 puellae
1297 1924 1369 1960 pro
1400 1916 1514 1961 patre
1544 1910 1673 1946 fuerat
1704 1909 1787 1958 ipso

306 1975 480 2013 absente.
512 1995 565 2001 —
597 1976 708 2014 Notae
741 1977 885 2016 codicis
916 1979 946 2016 B
979 1980 1073 2029 quid
1105 1979 1335 2029 significent,
1370 1992 1446 2016 non
1477 1979 1613 2028 liquet.
1645 1975 1786 2024 Bergk.

305 2043 481 2081 lacunam
513 2045 735 2095 suspicatus
767 2051 847 2093 est,
895 2061 971 2097 quo
1011 2061 1088 2085 non
1126 2052 1185 2086 est
1223 2061 1331 2097 opus.
1400 2047 1581 2085 Ceterum
1614 2046 1659 2083 cf.
1695 2044 1786 2082 858.

305 2131 358 2136 --
394 2113 513 2151 1164.
553 2110 692 2163 Atque
723 2117 762 2152 in
794 2117 963 2153 transitu
995 2116 1042 2153 ad
1075 2129 1213 2154 novam
1245 2130 1339 2163 rem,
1373 2131 1408 2154 v.
1441 2116 1490 2153 ad
1521 2114 1660 2164 Amph.
1694 2113 1786 2151 948.

306 2181 349 2217 R.
388 2179 559 2231 „Atqui‘·'
597 2183 732 2220 voluit.
765 2203 818 2209 --
858 2184 1095 2231 Charmides,
1137 2188 1200 2235 qui
1234 2186 1433 2234 sequitur,
1467 2195 1682 2221 sermonem
1714 2194 1788 2219 non

306 2263 389 2287 cum
424 2250 582 2288 Callicle
621 2251 797 2290 habitum
830 2267 930 2299 esse,
977 2255 1045 2291 sed
1084 2267 1167 2292 cum
1213 2253 1404 2302 Lysitele,
1452 2252 1598 2290 Ritsch.
1631 2250 1788 2298 Parerg.

305 2333 344 2368 p.
379 2320 458 2356 578
490 2333 546 2370 sq.
579 2321 747 2370 probare
779 2326 939 2359 conatus
971 2327 1049 2369 est,
1095 2336 1234 2372 parum
1273 2322 1447 2359 feliciter.
1518 2319 1629 2366 Quod
1661 2323 1788 2356 autem

307 2390 346 2424 in
379 2387 407 2424 B
439 2388 604 2437 vestigia
635 2389 748 2427 huius
780 2391 944 2428 rationis
976 2391 1114 2428 relicta
1144 2404 1228 2428 esse
1261 2390 1372 2436 dicit,
1414 2389 1512 2427 nihil
1544 2393 1619 2431 est,
1654 2401 1739 2425 nam
1764 2387 1789 2422 G

307 2456 442 2493 littera
466 2469 526 2493 vv.
550 2458 667 2504 1162,
699 2460 815 2505 1165,
848 2460 966 2505 1178,
998 2460 1114 2506 1179,
1149 2461 1252 2497 1184
1285 2459 1386 2496 male
1418 2458 1545 2507 posita
1572 2456 1787 2501 Lesbonici,

308 2538 382 2562 non
407 2525 592 2574 Lysitelis
624 2531 716 2564 nota
748 2533 815 2564 est.
844 2547 896 2552 —
926 2529 1045 2565 1165.
1079 2525 1190 2577 quia,
1223 2530 1267 2564 cf.
1303 2527 1351 2564 ad
1385 2528 1476 2564 636.
1507 2545 1551 2550 —·
1586 2526 1702 2562 1166.
1730 2524 1791 2561 est

310 2595 397 2632 add.
432 2596 537 2633 Cam.
581 2615 629 2619 —
676 2596 769 2633 Post
808 2596 908 2634 huuc
946 2610 979 2633 v.
1015 2596 1058 2633 R.
1093 2596 1268 2633 lacunam
1307 2596 1535 2645 suspicatur.
1577 2613 1628 2618 —
1672 2592 1786 2630 1167.

309 2664 370 2702 est
407 2668 443 2701 et
482 2660 590 2702 scies
628 2664 687 2701 ed.
721 2677 778 2712 pr.
812 2685 864 2689 —
910 2666 1028 2702 1168.
1067 2662 1201 2702 missa
1239 2664 1327 2701 edd.
1363 2682 1411 2688 —
1456 2663 1573 2699 1169.
1615 2669 1791 2710 quassas

308 2733 440 2782 caput,
473 2733 519 2770 cf.
553 2732 601 2769 ad
633 2733 741 2769 Asin.
775 2734 868 2769 400.
913 2753 963 2758 -
1009 2735 1127 2770 1170.
1174 2731 1321 2780 Quom.
1365 2732 1410 2768 cf.
1444 2730 1489 2766 ad
1524 2730 1662 2778 Amph.
1697 2730 1788 2767 636.

312 2821 358 2827 -
408 2803 453 2839 ut
491 2811 582 2839 esse
623 2797 733 2847 nolo,
779 2804 830 2837 sc.
864 2814 969 2846 eum,
1018 2801 1121 2850 quod
1163 2800 1250 2837 add.
1287 2800 1328 2837 R.
1363 2803 1405 2835 ut
1445 2799 1535 2835 308.
1576 2817 1628 2823 -—
1672 2798 1787 2834 1171.
