2009 3218
344 215 426 254 446
1020 208 1140 244 Persa.

343 340 498 389 Festgr.
523 352 560 389 p.
588 340 653 378 76.
685 358 740 364 —
778 339 870 376 566.
903 335 1178 383 occentabunt,
1210 351 1245 375 v.
1277 337 1327 374 ad
1358 337 1468 375 Curc.
1505 338 1595 376 145.
1631 355 1687 363 —-
1728 338 1820 376 568.

345 403 526 446 Ferreus
557 404 691 445 aedes.
755 405 901 454 „Immo
929 407 1076 444 ferreos
1105 402 1262 456 postes“
1288 403 1423 443 Goetz.
1449 424 1503 430 —
1533 405 1752 454 commutes,
1782 420 1819 443 v.

343 476 391 513 ad
407 475 492 512 Mil.
511 476 603 512 329.
634 493 690 499 —
722 475 814 512 569.
847 470 1029 512 anellum
1058 473 1173 511 Both.
1206 486 1278 511 em.
1310 493 1364 499 —-
1392 470 1433 512 Si
1463 474 1522 513 ed.
1547 486 1607 523 pr.
1642 491 1692 498 —
1726 474 1818 511 570.

342 539 483 581 iubeas
513 542 646 589 codd.;
676 541 812 580 Lamb.
837 545 877 579 et
902 542 949 580 R.
977 538 1160 590 „uideas“
1187 541 1434 588 maluerunt3
1465 542 1579 579 nobis
1609 541 1709 579 illud
1733 555 1820 579 cum

343 624 545 648 servorum
571 609 760 660 loquendi
783 622 890 647 more
916 610 1036 659 magis
1062 610 1268 646 convenire
1293 609 1458 647 videtur.
1513 608 1592 647 Sed
1608 622 1686 659 quo
1704 609 1821 647 modo

344 679 420 716 dici
448 681 599 728 potest,
639 691 744 726 eum,
787 678 821 715 si
851 680 1009 728 sumptu
1040 677 1250 714 deterritus
1281 677 1383 714 ferro
1413 678 1654 728 pepercerit,
1693 677 1820 728 ipsum

343 747 604 796 compeditum
634 745 747 784 fore?
805 745 948 793 Credo,
988 746 1021 783 si
1051 747 1164 794 rapta
1193 743 1326 794 puella
1357 744 1406 780 ad
1435 745 1610 795 inopiam
1640 745 1821 783 redactus

342 815 605 852 creditoribus
636 814 852 853 addicetur.
883 834 940 839 -—
972 814 1063 851 571.
1095 808 1124 850 Ι
1149 809 1203 860 in,
1234 825 1270 848 ν.
1303 810 1352 849 ad
1382 811 1525 850 Pseud.
1553 814 1644 851 336.
1704 813 1762 851 De
1785 813 1821 850 A

341 886 511 920 testatur
541 881 666 934 Gepp.
697 882 736 920 II
765 897 804 933 p.
837 883 902 921 86.
935 901 990 906 -
1019 876 1048 918 Ι
1074 890 1188 927 sane,
1221 880 1267 917 cf.
1304 880 1393 917 199.
1455 880 1550 917 Post
1580 880 1662 918 haec.
1690 881 1822 920 hiatur

341 951 381 988 in
413 951 577 988 diaeresi.
652 950 808 988 Muell.:
860 951 900 998 „1
931 962 1025 987 sane
1057 952 1175 998 atque
1205 948 1306 985 hanc
1345 961 1454 985 eme.
1474 948 1650 986 ausculta
1687 947 1819 987 mihi“.

342 1038 396 1045 --
429 1020 520 1056 572.
552 1019 600 1056 ut
628 1018 713 1057 cod.
743 1018 792 1066 D,
822 1031 857 1056 v.
891 1018 942 1056 ad
971 1017 1082 1055 Cure.
1109 1018 1202 1054 257.
1240 1035 1293 1041 —
1333 1012 1480 1065 quanti
1508 1013 1670 1064 indicet,
1701 1030 1820 1067 quan·

341 1089 425 1125 tum
454 1087 626 1136 pretium
656 1089 818 1136 statuat,
848 1100 884 1124 v.
917 1085 967 1124 ad
996 1085 1085 1123 Aul.
1119 1086 1211 1123 365.

457 1156 549 1193 573.
583 1152 638 1193 ad
666 1155 704 1194 te
734 1168 781 1192 ex
810 1155 844 1191 A
876 1154 1049 1200 accessit,
1079 1166 1114 1190 v.
1133 1152 1305 1190 Studem.
1323 1153 1420 1189 Ann.
1439 1152 1535 1201 phil.
1552 1152 1680 1190 XCIII
1695 1167 1733 1203 p.
1753 1155 1818 1192 60.

342 1243 396 1250 --
428 1220 627 1270 dixeram,
667 1237 701 1260 v.
736 1223 784 1260 ad
815 1222 917 1260 Men.
951 1222 1044 1259 874.
1085 1220 1173 1258 add.
1206 1221 1294 1258 Aul.
1329 1221 1420 1258 279.
1466 1220 1566 1259 Rud.
1599 1222 1691 1260 839.
1725 1223 1818 1261 853.

342 1312 397 1317 --—
429 1293 520 1329 574.
552 1287 696 1329 uenire
726 1291 817 1328 olim
849 1290 1109 1327 emendatum.
1158 1289 1202 1326 R.
1228 1302 1304 1337 quo
1329 1289 1414 1326 iure
1440 1289 1634 1338 passivam
1657 1290 1820 1328 formam

341 1361 520 1407 retineat,
565 1372 642 1397 non
671 1359 862 1406 intelligo.
902 1377 955 1382 -—
997 1358 1088 1395 575.
1135 1357 1334 1406 quantum
1358 1356 1518 1404 potest,
1560 1357 1607 1395 cf.
1643 1359 1732 1397 143.
1768 1378 1816 1384 -

343 1430 436 1466 578.
468 1424 584 1466 Esne
615 1427 703 1465 edd.
745 1447 794 1452 —
836 1427 929 1465 581.
974 1422 1049 1464 hac
1079 1425 1139 1462 ed.
1171 1438 1252 1475 pr.‚
1299 1425 1344 1462 cf.
1378 1424 1427 1461 ad
1458 1425 1598 1475 Amph.
1633 1427 1724 1464 501.
1764 1447 1818 1452 —

344 1498 436 1535 583.
482 1492 649 1542 Indica,
688 1491 908 1541 indicatio,
949 1494 995 1531 cf.
1030 1494 1122 1531 572.
1164 1512 1218 1518 —
1266 1494 1357 1530 584.
1404 1489 1591 1542 Aequom
1627 1490 1693 1531 hic
1729 1494 1821 1533 orat

341 1564 459 1613 Cam„
492 1564 538 1602 cf.
574 1565 667 1602 398.
698 1583 752 1589 —-
786 1564 876 1600 585.
900 1558 1169 1611 profflzariter
1198 1565 1238 1599 et
1269 1560 1379 1598 codd.
1413 1565 1451 1598 et
1476 1561 1626 1599 Nonius
1652 1575 1690 1612 p.
1719 1563 1819 1601 150:

343 1633 643 1680 „Prognariter,
689 1635 867 1677 strenue,
912 1631 1070 1668 fortiter
1101 1632 1138 1666 et
1169 1632 1403 1667 constanter.
1493 1629 1654 1667 Plautus
1685 1629 1822 1668 Perse:

341 1714 408 1739 cor
444 1701 523 1738 scio
562 1700 693 1738 hercle
729 1702 860 1737 utrum
898 1698 1000 1736 helie
1031 1701 1094 1735 ate
1123 1697 1254 1735 indica
1284 1695 1576 1747 prognariter“.
1650 1697 1824 1736 Additur

337 1768 456 1806 Ennii
484 1769 611 1807 locus:
648 1768 923 1817 „prognariter
954 1766 1070 1803 armis
1102 1762 1328 1803 certando“.
1389 1765 1447 1802 Id.
1479 1779 1517 1815 p.
1555 1767 1652 1804 154:
1697 1766 1838 1813 „Pro-⁴

338 1837 534 1885 gnarster,
581 1835 795 1874 audaciter.
871 1834 1033 1872 Plautus
1072 1833 1212 1871 Persa:
1261 1846 1332 1882 age
1369 1833 1500 1870 indica
1529 1832 1821 1884 prognariter“.

339 1905 456 1943 Cuius
487 1918 605 1954 quum
637 1904 738 1942 ratio
769 1916 846 1941 non
878 1905 1088 1952 appareat,
1137 1901 1270 1939 Lamb.
1306 1898 1630 1951 ‚‚prognauiter“‚
1670 1902 1820 1940 Acidal.

344 1969 669 2023 „praegnauiter“
704 1972 841 2009 voluit.
873 1989 928 1996 —
961 1971 1053 2008 587.
1093 1966 1182 2020 qui,
1216 1971 1260 2007 cf.
1296 1970 1345 2007 ad
1372 1969 1473 2007 Men.
1509 1970 1600 2008 535.
1624 1988 1680 1995 —
1729 1971 1821 2009 588.

341 2051 384 2079 es
415 2041 474 2078 ed.
505 2054 564 2091 pr.
606 2060 654 2066 -
699 2041 790 2078 590.
823 2035 960 2087 Atque
989 2051 1036 2075 ex
1066 2038 1100 2075 A
1130 2037 1176 2076 R.
1216 2057 1269 2062 -
1310 2038 1401 2075 593.
1438 2033 1525 2086 Quo
1554 2047 1701 2087 ywere
1730 2041 1821 2076 cett.

339 2109 449 2156 Haec,
503 2121 589 2159 quae
644 2111 730 2146 ante
775 2108 1073 2145 Ambrosianum
1126 2106 1326 2144 inventum
1379 2119 1402 2143 a
1456 2105 1574 2143 verbo
1630 2119 1819 2156 „percon-

339 2174 441 2214 tari“
484 2191 518 2215 v.
554 2178 632 2214 589
673 2175 846 2226 pendere
890 2174 1145 2221 videbantur,
1191 2174 1267 2211 iam
1313 2188 1347 2212 v.
1387 2175 1464 2212 595
1504 2187 1614 2212 suum
1659 2173 1819 2212 verbum

340 2245 496 2282 habent.
535 2265 590 2270 —
631 2245 722 2282 594.
762 2254 825 2281 me
855 2239 1080 2292 impulsore
1115 2241 1186 2280 aut
1215 2239 1339 2280 ‘inlice
1369 2241 1414 2289 A,
1448 2241 1551 2292 quod
1581 2244 1720 2292 utpote
1750 2242 1821 2279 mi-

340 2326 411 2350 nus
441 2314 626 2350 usitatum
658 2312 941 2362 praeferendum
972 2312 1057 2349 fuit.
1118 2307 1242 2356 inleae,
1273 2323 1308 2347 v.
1335 2310 1382 2348 ad
1399 2311 1507 2347 Asin.
1527 2311 1618 2348 219.
1651 2311 1819 2348 -<597.

340 2378 409 2419 adi
439 2380 509 2427 R.‚.
529 2383 596 2430 qui
632 2377 766 2427 .‚eum“
804 2379 994 2426 addebat3
1041 2378 1182 2428 Speng.
1216 2378 1343 2415 Plaut.
1385 2392 1423 2428 p.
1458 2379 1538 2416 222
1568 2391 1624 2428 sq.
1658 2378 1821 2428 propius

340 2463 362 2486 a
391 2449 566 2498 vestigiis
598 2448 863 2485 Ambrosiani:
896 2445 973 2486 Sis.
1005 2465 1060 2471 -
1091 2448 1184 2485 600.
1217 2443 1402 2495 Ezmsze
1433 2446 1476 2484 R.
1511 2466 1562 2471 ——
1595 2447 1690 2485 602.
1721 2441 1822 2484 Iube

340 2513 519 2564 accedat,
562 2515 639 2554 vid.
673 2514 730 2566 ad}
760 2516 879 2554 Most.
920 2516 1013 2553 912.
1082 2514 1265 2553 Redslob.
1298 2514 1468 2564 Symbol.
1501 2515 1621 2552 critic.
1662 2513 1710 2551 ad
1749 2513 1820 2560 PL,

339 2585 514 2622 Weimar
548 2585 652 2621 1879
688 2581 821 2631 ,‚eam“
854 2583 1039 2633 postulat.
1114 2583 1172 2620 De
1204 2584 1397 2633 scriptura
1431 2579 1552 2629 ‚,hoc“
1587 2595 1659 2632 pro
1695 2578 1815 2630 „huc“

340 2668 375 2692 v.
409 2653 458 2691 ad
490 2651 628 2690 Bacch.
667 2654 784 2690 1150.
815 2671 870 2677 —
902 2648 928 2689 Ι
954 2661 1051 2690 sane
1081 2651 1221 2701 puellae
1253 2650 1359 2697 dicit,
1396 2646 1646 2688 Percontare
1675 2650 1816 2696 lenoni,

340 2718 430 2770 Asse
455 2730 528 2769 asle
553 2723 642 2758 cett.
660 2719 821 2758 Toxilus
845 2720 1003 2770 puellae,
1042 2719 1108 2757 sed
1131 2722 1176 2756 ut
1199 2718 1286 2756 leno
1315 2731 1391 2755 non
1422 2718 1568 2756 audiat.
1629 2714 1674 2755 in
1698 2727 1818 2766 proe-

340 2786 442 2827 lium
461 2790 505 2825 A.
523 2808 578 2813 -—
603 2788 695 2826 604.
720 2785 944 2836 auspicato,
974 2789 997 2826 i.
1017 2801 1048 2825 e.
1066 2788 1193 2825 fausto
1211 2787 1394 2836 auspicio,
1420 2799 1456 2823 v.
1474 2786 1561 2823 Ter.
1579 2785 1700 2823 Andr.
1720 2786 1814 2823 807.
