2009 3218
369 212 452 251 280
1045 195 1164 244 Plauti
1585 210 1634 254 11,
1659 211 1690 252 4,
1715 212 1849 252 31‚—45
1925 181 1950 230 {2'

941 334 1274 376 Lesbonicus

872 405 1005 448 Estne
1037 405 1104 447 hic
1134 405 1292 459 Philto,
1325 408 1398 461 qui
1430 408 1637 450 aduenit?

369 477 410 518 Is
442 476 588 519 hercle
619 481 688 519 est
718 478 847 531 ipsus.

982 548 1244 590 Stasimus

910 620 1078 675 Edepol
1107 634 1162 662 ne
1194 634 1271 673 ego
1302 621 1429 662 istum
1460 621 1589 663 uelim
1782 634 1850 668 435

369 691 512 733 Meum
541 690 635 732 fieri
667 705 837 733 seruom
869 705 968 733 cum
1001 706 1078 733 suo
1109 691 1290 745 peculio.

1018 770 1202 811 Philto

369 842 501 883 Erum
531 846 664 896 atque
696 855 867 884 seruom
898 842 1123 896 plururum
1154 842 1297 884 Philto
1329 842 1451 884 iubet

371 913 560 965 Saluere,
591 913 876 956 Lesbonicum
907 919 949 956 et
979 913 1224 956 Stasimum.

939 1009 972 1050 L
984 1023 1005 1050 e
1017 1023 1035 1050 s
1047 1008 1074 1050 b
1086 1022 1110 1050 o
1121 1010 1171 1050 ni
1183 1022 1205 1050 c
1215 1023 1242 1049 u
1255 1023 1273 1050 s

1280 1081 1331 1122 Di
1364 1081 1489 1124 duint

369 1152 478 1203 Tibi,
509 1151 665 1204 Philto,
699 1166 1033 1206 quaequomque
1064 1156 1199 1206 optes.
1262 1152 1374 1203 Quid
1405 1154 1496 1205 agit
1526 1153 1639 1196 filius
1648 1155 1668 1196 ἱ)

1015 1246 1046 1287 P
1058 1246 1133 1287 hil
1144 1252 1161 1287 t
1173 1261 1196 1287 o

367 1303 483 1347 Bene
514 1303 606 1346 uolt
633 1302 727 1345 tibi.

940 1390 971 1431 L
983 1405 1004 1432 e
1018 1405 1036 1432 s
1048 1390 1074 1431 b
1089 1404 1112 1432 o
1122 1405 1149 1432 n
1160 1391 1173 1431 i
1184 1404 1205 1432 c
1217 1405 1242 1432 u
1255 1406 1273 1433 s

766 1462 933 1516 Edepol
961 1466 1160 1504 mutuum
1192 1477 1358 1505 mecum
1389 1462 1504 1505 facit.
1783 1476 1851 1510 440

973 1556 1240 1599 Stasimus

368 1628 562 1683 Nequam
593 1627 702 1670 illud
732 1628 913 1670 uerbum
945 1635 1008 1671 est
1039 1628 1158 1670 ‘bene
1189 1629 1307 1680 uolt'‚
1337 1629 1421 1672 nisi
1452 1630 1524 1684 qui
1555 1629 1664 1672 bene
1694 1629 1811 1672 facit.

369 1700 459 1754 Ego
491 1713 663 1754 quoque
693 1700 794 1743 uolo
825 1715 918 1743 esse
948 1701 1077 1753 liber3
1109 1702 1370 1755 nequiquam
1404 1702 1515 1743 uolo.

370 1772 451 1814 Hic
481 1772 671 1826 postulet
701 1772 814 1825 frugi
845 1786 961 1824 esse;
993 1786 1128 1826 nugas
1160 1773 1362 1827 postulet.

1017 1867 1197 1908 Philto

370 1938 490 1980 Meus
521 1942 677 1991 gnatus
707 1952 788 1980 mev
807 1939 862 1980 ad
892 1943 935 1980 te
969 1939 1097 1988 misit,
1127 1923 1243 1980 inter·
1269 1944 1310 1980 te
1342 1943 1473 1992 atque
1504 1953 1582 1982 nos
1819 1996 1822 1997 ⁷

369 2010 650 2052 Adfinitatem
681 2014 730 2052 ut
761 2011 1034 2053 conciliarem
1068 2014 1110 2051 et
1140 2013 1334 2062 gratiam.
1783 2022 1851 2057 445

370 2082 506 2123 Tuam
538 2082 631 2124 uolt
663 2096 857 2124 sororem
889 2082 1047 2124 ducere
1078 2096 1275 2133 uxorem,
1307 2087 1349 2124 et
1380 2081 1481 2124 mihi

371 2152 594 2195 Sententia
626 2154 776 2196 eadem
809 2159 876 2196 est
907 2158 950 2195 et
979 2154 1092 2196 uolo.

948 2248 1274 2291 Lesbonicus

1169 2320 1296 2362 Haud
1328 2334 1458 2363 nosco
1490 2327 1633 2373 tuum;

368 2391 499 2434 Bonis
530 2393 617 2433 tuis
650 2391 779 2433 rebus
810 2405 928 2434 meas
960 2406 1028 2434 res
1060 2392 1222 2434 inrides
1254 2391 1401 2434 malas.

483 2550 551 2584 435
577 2549 614 2584 ni
639 2548 706 2583 BC
784 2551 850 2584 438
876 2549 1010 2584 didunt
1032 2549 1069 2584 B
1157 2551 1223 2584 439
1247 2549 1375 2594 phylto
1401 2549 1437 2584 B
1517 2551 1585 2584 440
1609 2561 1750 2586 mecum
1776 2563 1850 2586 mu-

372 2611 471 2640 tuum
499 2606 543 2648 A,
568 2609 734 2639 mutuum
761 2617 881 2640 meum
907 2604 942 2640 B
1024 2608 1086 2640 441
1116 2607 1268 2640 uerbum
1295 2606 1324 2640 si
1350 2605 1417 2641 BG
1492 2607 1554 2640 uul
1581 2606 1609 2640 C
1682 2608 1750 2641 442
1774 2618 1850 2642 esse

372 2663 458 2697 uolo
484 2662 513 2695 A
624 2674 669 2695 ne
695 2661 782 2705 quid
807 2673 915 2706 quam
939 2661 986 2706 B,
1012 2663 1256 2707 nequicquam
1283 2662 1313 2697 0
1400 2663 1484 2697 uolo
1509 2662 1544 2697 B
1643 2664 1709 2697 443
1735 2674 1851 2708 nugas

372 2717 536 2763 postulat
561 2717 590 2752 Ο
655 2720 722 2752 444
746 2719 844 2753 inter
869 2730 906 2752 se
932 2716 1000 2753 BC
1065 2720 1130 2752 445
1156 2719 1388 2753 consolarem
1410 2718 1440 2754 0
1503 2720 1570 2753 446
1596 2720 1654 2754 uol
1679 2719 1715 2753 B
1782 2721 1850 2754 44¹7

374 2774 501 2810 eadem
531 2776 559 2809 si
585 2773 632 2817 B,
659 2774 783 2808 easdem
811 2775 875 2808 siu]
906 2774 934 2808 C
1001 2775 1080 2809 Hau
1105 2775 1139 2809 A
1208 2776 1276 2809 448
1300 2775 1370 2809 tuis
1397 2775 1433 2808 in
1457 2776 1564 2809 rebus
1589 2776 1623 2809 A
